3600 4692
116 1343 119 1350 .
162 1296 171 1346 κ
248 1307 262 1358 2
311 1354 315 1360 s
385 1266 529 1358 iterum
553 1297 646 1360 cum
672 1271 878 1404 bmnium,
905 1295 973 1380 qur
964 1268 1172 1366 aderant,
1211 1267 1476 1358 admiratione
1491 1265 1714 1474 obequitas

739 45 748 68 c
790 39 805 84 χ
897 87 903 96 Ι

293 229 547 382 7156
611 257 1148 364 PuannVu'suaaNrn
1186 254 1454 345 Aternum

361 455 451 548 'rur
472 459 774 578 cathaphrasius
802 483 921 571 puer,
948 455 1016 570 qui
1043 481 1151 569 equo
1180 385 1529 565 exuperanrissnro
1555 433 1703 657 vigere,

282 604 285 624 ·
308 602 312 613 ’
384 577 554 664 dorsuali
572 607 620 666 ex
638 575 806 692 chalybe
822 573 983 662 instrato
1002 570 1184 661 insidens
1214 567 1412 680 Principis
1428 571 1576 660 basiam
1596 568 1704 662 subii·

162 709 166 722 “
232 719 236 728 ’
377 721 494 799 ‚mern
511 690 652 786 ferens
666 719 822 806 gratum
836 687 1030 776 omnibus
1046 685 1256 774 exhibebat
1273 682 1550 798 spectaculum
1580 675 1792 778 Nam
1791 740 1792 772 i

384 808 739 940 quemadmodum
757 807 885 918 nautis
907 800 1148 892 emontium
1171 800 1326 888 vertice
1334 804 1439 924 apud
1462 805 1604 894 ovium
1620 835 1705 894 cau·

285 1139 290 1148 .
384 1040 427 1142 in
444 993 683 1173 pisciferum
684 1039 846 1152 pelagus
863 1038 984 1150 longe
1000 1035 1049 1122 ab
1068 1035 1204 1120 amicis
1221 1035 1452 1149 propellit;¹
1449 1022 1600 1126 ·‘''stau'ri
1604 1041 1713 1129 aliter

386 1155 437 1274 ab
454 1157 571 1262 arinis
583 1153 805 1243 aerlucem
822 1107 1055 1266 accipiebat.
1120 1149 1352 1261 Cumque
1343 1181 1419 1262 ram
1451 1150 1601 1242 semel
1595 1179 1707 1269 atque

355 1383 479 1487 sent,
508 1384 938 1519 tandemutrinquede
953 1383 1075 1508 galeis
1091 1385 1524 1498 pennaedeponuntur,
1544 1415 1565 1473 a
1611 1409 1707 1507 gitur

385 1501 508 1614 galeae
528 1495 644 1590 suus
637 1502 783 1616 cuique
804 1527 944 1587 conus.
1008 1500 1121 1599 Hinc
1138 1527 1294 1612 parmas
1318 1499 1455 1592 sirmas
1471 1503 1709 1618 vulneraque

385 1615 623 1724 nescientes,
646 1641 821 1733 tamque
843 1614 1089 1728 splendidas,
1127 1643 1248 1729 quam
1273 1616 1454 1706 lucidum
1471 1617 1527 1706 est
1553 1617 1709 1716 coesurn,

235 1743 239 1750 '
264 1749 278 1824 J
385 1732 485 1820 dum
510 1731 652 1820 sudum
669 1719 745 1832 est,
779 1731 1005 1845 quibusque
1029 1736 1167 1844 graves
1193 1731 1293 1826 istus
1316 1733 1501 1848 excipere
1518 1733 1707 1824 meditan-

333 1853 354 1932 .’
383 1868 462 1948 tur,
479 1847 709 1963 pefiurrbus
725 1847 1051 1937 accommodant
1108 1843 1202 1934 lude
1220 1846 1708 1961 lslustriffmrusjoacur·

386 1991 504 2072 mus,
537 1989 745 2077 acceptam
772 1962 823 2048 ab
847 1959 1032 2050 hastiserb
1056 1987 1183 2074 puero
1209 1961 1357 2052 hastam
1386 1993 1620 2079 proceram
1622 1959 1706 2052 ctas·

102 2121 108 2130 ·
244 2165 247 2172 ,
386 2078 567 2192 samque,
602 2079 717 2166 Peliae
739 2075 854 2165 hasta
876 2073 902 2162 s
905 2077 1064 2176 mllem,
1100 2105 1188 2165 eam
1220 2078 1378 2167 sortiter
1392 2083 1573 2181 vibrans,
1590 2106 1641 2194 et
1658 2077 1707 2164 ob

175 2193 192 2276 ,’
388 2218 510 2310 caput
536 2195 688 2282 ducens
715 2217 836 2310 atque
865 2191 1082 2294 reducens,
1109 2193 1455 2329 invisiiPrincipis
1474 2197 1755 2286 Hunmuct

290 2389 293 2396 .
389 2298 581 2425 clypeum
612 2311 752 2428 parieti
788 2307 948 2398 affixum
973 2306 1115 2424 pulsat,
1153 2335 1194 2398 et
1216 2313 1441 2426 principem
1465 2314 1652 2458 princeps
1671 2311 1706 2395 in

126 2419 131 2428 ’
207 2399 218 2414 “
270 2451 274 2460 ·
387 2425 415 2514 s
417 2426 579 2542 nguiare
600 2451 801 2515 certamen
824 2449 1034 2538 provocat.
1078 2425 1252 2514 Accers
1256 2453 1321 2515 tur
1344 2428 1705 2518 continuoaPtae·

388 2569 494 2630 cone
501 2544 792 2633 Hermarcvs
816 2523 1175 2654 Asag'nopolitanus
1192 2544 1308 2642 Dux,
1338 2542 1410 2660 qui
1425 2569 1595 2632 vocatus
1617 2567 1705 2628 mox

326 2681 359 2730 a
388 2656 538 2764 adsuit,
571 2660 715 2774 pariter
733 2655 1163 2765 MuximiJoacnrtrr
1191 2659 1379 2790 clypeum
1407 2659 1578 2774 pulsans
1593 2681 1704 2745 certa·

269 2784 276 2814 ⁸
389 2775 490 2860 mini
515 2775 684 2858 alacrem
708 2771 743 2860 se
761 2769 967 2860 offerebat.
1023 2773 1134 2883 Jam
1129 2774 1249 2860 tertio
1267 2774 1451 2863 tubarum
1470 2771 1705 2904 clangorem

389 2911 567 3002 pugnam
590 2889 724 2976 vocari
748 2912 875 2986 erant,
911 2913 952 2974 et
975 2916 1070 2976 ecce
1093 2887 1201 3004 quasi
1226 2891 1311 2976 duo
1327 2892 1486 2979 Leones
1503 2879 1705 3018 pernitiosa

390 3027 496 3115 quos
519 2995 738 3136 populus
726 3005 860 3091 oannis
885 2999 1049 3093 infestis
1065 3005 1222 3138 appetit
1240 3005 1348 3103 telis,
1363 3005 1425 3094 hi
1440 3032 1615 3117 auternc
1617 3001 1705 3092 aaut

305 3155 307 3163 ·
347 3145 361 3162 ··
390 3118 531 3230 avidi
518 3141 623 3206 mter
640 3122 794 3231 primus
824 3107 1042 3221 versantur,
1070 3149 1183 3232 quir
1132 3118 1183 3206 sr
1203 3122 1292 3234 quis
1316 3107 1703 3237 sortejuvcnumala·

390 3260 546 3320 cereos
565 3233 669 3322 hasta
687 3233 926 3376 assequitur,
955 3259 1043 3324 tum
1067 3235 1220 3323 hiantes
1216 3228 1519 3368 spumantibus
1546 3235 1703 3326 rictibus,

391 3373 433 3438 et
449 3350 572 3436 anxiis
596 3351 636 3436 in
653 3355 805 3467 magnis
831 3345 1024 3439 cordibus'
1048 3355 1191 3438 animis
1210 3352 1253 3452 in
1271 3363 1364 3438 eum
1391 3349 1638 3455 deferuntur,
1670 3365 1703 3430 et

390 3465 529 3574 caudis
551 3421 743 3566 latera,
728 3491 916 3602 tergaque
938 3469 1139 3583 utrimque
1168 3467 1441 3575 verberantes,
1477 3465 1583 3554 sese
1572 3493 1615 3554 m
1621 3485 1700 3590 spu

391 3609 511 3694 gnam
541 3583 736 3683 irritant,
750 3583 804 3670 ita
836 3581 1047 3699 exasperati
1076 3585 1229 3696 maguis
1259 3584 1408 3672 viribus
1436 3583 1541 3675 resia
1564 3575 1703 3709 irruunt

206 3727 214 3734 ·
274 3797 279 3804 ,
391 3699 539 3811 parati,
581 3699 645 3786 vel
667 3726 712 3787 ut
736 3697 805 3814 rpfi
822 3700 1022 3814 aliquem
1011 3723 1260 3798 interimant,
1293 3699 1384 3788 vel
1373 3723 1474 3788 mter
1490 3721 1640 3814 primos
1653 3717 1703 3777 tn

345 3807 359 3885 -’
391 3814 641 3907 terimantur.
699 3817 824 3903 Haud
840 3816 952 3903 aliter
967 3811 1103 3904 sotuff
1092 3843 1162 3908 mr
1154 3814 1406 3928 'Principes
1408 3811 1574 3904 advetfis
1591 3805 1701 3900 hastis.

374 3947 435 4015 ¹et
451 3931 614 4030 vitibus,
643 3953 683 4018 et
699 3932 839 4018 anin'ris
858 3929 1012 4045 superbi
1029 3930 1354 4046 cpngrediuntut.
1412 3931 1498 4026 Hic
1513 3923 1701 4048 dumjoaj

391 4071 540 4138 curua
560 4041 667 4222 basta
683 4044 840 4152 aberat,
866 4071 908 4142 et
922 4077 1096 4140 vacuum
1115 4070 1203 4138 aera
1217 4039 1331 4166 figit,
1356 4047 1651 4248 Harancvsl
1647 4061 1700 4240 Pal

1639 4179 1659 4242 u

1758 395 1792 539 i

271 935 323 1016 Τ
366 924 464 1010 ias
456 924 655 1010 ardentis
646 951 745 1038 1⁰an
760 919 895 1036 fulvor
909 921 1100 1034 adparet
1127 915 1306 1009 Processu
1323 945 1456 1006 autem
1475 946 1627 1011 invitos
1641 949 1707 1009 eos
