3568 4684
206 318 538 412 ·Excorurvru
566 309 842 408 Murcum
882 319 1172 416 urrunnun.
1300 313 1405 442 583*
1489 409 1491 416 .

192 665 293 756 Sunt
309 664 497 782 preterea
514 661 661 778 aperti,
680 664 865 778 ingenui,
896 665 1076 768 credidi,
1107 668 1363 795 adli'ramrer·

68 779 118 882 di.
145 784 309 871 minime
334 780 514 895 superbi,
542 777 731 879 benefici,
760 777 916 881 faciles.
953 783 1193 887 traeiabiles,
1230 787 1362 876 humi·
1429 785 1433 793 ’

65 899 135 996 les,
175 897 299 986 sciunt
329 898 489 1013 optime
516 919 601 984 non
628 921 797 996 nocere,
842 893 1077 988 sromnibus
1098 897 1363 1018 sesupp‘omt‚
1417 939 1420 956 ·

65 1040 203 1102 nocere
217 1036 350 1102 autem
367 1009 640 1125 plurimumii
657 1012 717 1100 vel
735 1013 805 1108 uui
818 1009 854 1100 se
871 1019 1109 1126 proponunt
1124 1015 1216 1129 (k).
1277 1017 1364 1110 Sta·

68 1153 147 1242 ture
161 1130 244 1218 suut
260 1129 479 1233 mediocri,
505 1125 675 1216 brachiis
692 1129 927 1244 lacertisque
942 1129 1371 1244 plurimumqaleutex'

66 1269 155 1332 toto
172 1273 346 1358 corpore
360 1243 510 1333 robusti
518 1273 537 1350 ‚¹
564 1269 717 1331 utcum
737 1242 926 1332 aversario
954 1244 1104 1362 absque
1131 1247 1215 1336 ullo
1233 1279 1367 1338 armo·
1436 1285 1440 1296 ¹
1504 1281 1507 1288 ·

67 1387 148 1446 rum
163 1389 326 1476 genere,
361 1359 452 1448 solis
477 1356 806 1478 viribuseonfifi,
843 1355 978 1474 iaepius
996 1365 1196 1477 congredi
1230 1364 1367 1469 rufior,

65 1499 132 1588 per
147 1505 259 1564 aures
276 1475 648 1592 arreptum‘tamdiu
665 1472 854 1590 fatigant,
891 1475 1026 1564 donec
1049 1476 1210 1592 prorsus
1222 1479 1370 1574 :laisum
1445 1547 1448 1555 .

66 1589 326 1702 prosternant,
363 1590 598 1680 militaribus
616 1589 828 1705 disciplinis
841 1589 1005 1706 aliisque
1023 1591 1197 1682 heroicis
1220 1599 1372 1691 exerci·
1507 1677 1513 1684 .

65 1707 125 1794 riis
143 1709 270 1796 dediti
294 1705 403 1812 sunt,
432 1735 517 1825 quo
540 1707 707 1794 nomine
732 1708 833 1794 inter
857 1705 1088 1806 Germanos
1111 1711 1264 1825 equites
1286 1740 1371 1805 me·

67 1824 484 1938 gnoperelaudautur‚
513 1821 690 1937 alioquin
708 1819 851 1934 frigus,
874 1821 1068 1924 inediam,
1098 1826 1217 1940 arque
1233 1829 1369 1941 omnis

66 1942 213 2050 generis
229 1939 497 2055 asperitatem.
524 1938 781 2028 novercuutis
796 1935 968 2025 fortune
993 1939 1168 2054 rigorem
1181 1969 1299 2056 aequo
1316 1941 1376 2031 fe·
1507 1937 1510 1948 ’

65 2079 153 2142 runt
168 2045 330 2154 auimo,
365 2057 496 2143 immo
518 2055 568 2168 ud
589 2079 765 2143 mortem
782 2082 859 2167 pro
873 2051 995 2142 salute
1009 2055 1143 2167 patriae
1157 2082 1369 2171 oppeten-

68 2167 153 2256 dam
173 2167 401 2286 paratiffimi
415 2166 523 2270 suut,
560 2194 601 2257 et
616 2174 687 2279 (ur
703 2169 957 2281 imperatoris
971 2169 1036 2279 (l)
1062 2170 1183 2259 nostri
1206 2170 1376 2264 sacratis·

69 2281 149 2371 fimi
166 2285 441 2391 verbisutrr),
469 2311 541 2398 eos
557 2287 626 2397 qui
651 2310 729 2396 pro
741 2282 942 2397 republica
959 2284 1201 2384 ceciderunt,
1230 2289 1271 2375 in
1287 2315 1377 2401 per·

65 2419 320 2518 petuumper
336 2400 505 2516 gloriam
522 2399 654 2490 vivere
671 2392 909 2511 infelligunt.
996 2396 1146 2488 Plebeii
1170 2427 1220 2488 ex
1244 2401 1377 2508 hope·
1439 2483 1472 2515 ³.
1548 2448 1563 2486 ·,

67 2513 250 2606 stioribus
267 2515 423 2605 familiis
439 2513 521 2604 neti
536 2511 718 2630 plerique
740 2510 829 2601 sunt
845 2513 1137 2626 negotiatores,
1170 2518 1377 2608 vinearum
1401 2543 1407 2554 ’
1540 2598 1545 2612 ,

68 2633 267 2735 cultores,
293 2629 438 2733 ruiiici.
450 2631 519 2746 qui
535 2657 680 2732 omnes
696 2629 738 2716 iu
752 2628 932 2716 libertate
956 2628 1114 2718 educati
1136 2629 1234 2754 sunt.
1285 2634 1377 2725 Ser·

65 2773 231 2837 monem
249 2749 411 2836 illorum
426 2746 537 2837 bone
559 2747 688 2834 Deve!
733 2745 849 2832 multi
868 2741 1095 2858 gravisiimis
1115 2743 1380 2860 proscindunt

67 2861 261 2964 diEieriis,
276 2917 280 2924 -
297 2890 391 2952 eum
416 2891 535 2974 quam
566 2859 751 2975 proxime
774 2859 826 2947 ad
849 2859 1067 2948 barbariem
1091 2863 1281 2952 accedere
1304 2865 1381 2954 ob·
1439 2865 1443 2876 ’

94 2981 285 3080 amrium,
311 3000 353 3065 et
365 2977 482 3092 piene
496 2973 662 3088 intelligi
686 3000 771 3060 non
796 2971 1110 3088 poffe'plurim'u
1135 2977 1382 3090 persuadent,

67 3007 148 3180 {oc
165 3097 338 3212 quidem
363 3119 449 3181 nou
474 3119 605 3206 nego,
643 3087 755 3176 illum
781 3117 830 3178 ex
853 3091 966 3178 variis
991 3089 1164 3179 dialeiiis
1189 3095 1383 3200 constare,
1434 3169 1438 3178 .
1553 3125 1560 3138 ·

67 3211 232 3299 interim
271 3231 407 3296 tamen
443 3207 562 3320 plane
598 3205 808 3298 barbarum
848 3203 940 3305 effe,
986 3207 1152 3294 minime
1180 3213 1382 3302 concedo.
1496 3213 1505 3230 '

68 3325 311 3439 Qomodo
327 3324 378 3412 ad
392 3320 612 3412 barbariem
630 3325 814 3433 proxime
830 3317 962 3432 potest
984 3324 1195 3423 accedere.
1233 3322 1260 3410 fi
1284 3343 1382 3440 pro·
1527 3335 1532 3347 '

68 3444 177 3530 xime
192 3438 435 3530 accedatur
461 3438 613 3526 idioma
628 3437 891 3532 Saxonicum,
927 3461 1003 3520 uec
1025 3433 1158 3548 lingua
1184 3438 1409 3546 Saronico„
1437 3493 1451 3539 ·‚

66 3553 387 3676 smegmviffimq
400 3553 539 3668 injurie
555 3551 750 3642 barbaries
766 3551 844 3643 diei
861 3547 1004 3665 potest.
1069 3551 1268 3662 Colorem·
1292 3557 1382 3650 iilo·

87 3712 95 3722 ·
514 3735 520 3747 .
849 3689 856 3703 “
1290 3699 1382 3766 rum

114 3871 196 3978 (k)
214 3816 379 3950 Timo
390 3897 409 3950 a
424 3875 618 3950 merrs
644 3864 685 3943 de
699 3869 847 3944 inuritur.
864 3861 991 3973 Christ.
1017 3889 1089 3974 cup.
1104 3887 1137 3958 7.
1151 3893 1235 3966 ω.
1306 3898 1313 3910 ’

117 3993 185 4094 (1)
216 3993 401 4097 lustr'niun.
429 3993 521 4097 Imp.
552 3995 588 4070 in
609 3991 725 4093 princ.
755 3988 859 4092 irfir'r.
883 3983 925 4064 de
946 4007 1021 4068 exc.
1047 4001 1112 4066 rut.
1133 3983 1185 4066 vr!
1208 4003 1286 4066 rur.

116 4129 223 4209 Tema
240 4125 297 4209 11.
323 4129 417 4208 Pars
436 4126 507 4216 W.
720 4121 814 4203 Ser
1044 4213 1046 4220 Ι
1301 4144 1306 4153 “
