3600 4692
814 55 831 92 Ι

360 251 498 374 ¹1³66¹
664 245 1168 404 lffvnnrr‘Vrottntr'rrr
1207 251 1481 364 Anntturu'
1521 282 1530 306 '·

385 473 519 570 aetem
538 469 734 588 percutit,
775 491 816 558 et
830 469 939 583 gravi
955 465 1044 558 casu
1063 457 1157 558 cunr
1173 495 1283 584 equo
1300 469 1340 569 in
1359 492 1508 564 terrant
1525 469 1707 562 concidit.

388 597 500 684 Hinc
517 589 595 676 fine
609 588 873 674 ‘cunctatione
891 587 931 672 in
951 585 1082 674 media
1107 585 1249 674 harena
1276 609 1502 674 convenere
1518 587 1707 675 Theodo-

387 714 493 813 ticos
509 709 560 793 de
576 704 700 802 Bern,
730 727 771 788 et
790 699 937 815 Caspar
954 703 1122 800 Oertze,
1159 699 1224 786 sed
1237 699 1385 814 Caspar
1408 700 1513 790 hasta
1534 703 1707 790 aberrans

295 909 312 926 „
367 817 411 914 ‘a
434 821 707 911 Theodorico
737 844 847 930 equo
873 815 1117 910 detruditurt
1159 813 1450 934 Theodericus
1480 847 1575 906 vero
1608 815 1707 906 fero·

267 995 270 1004 ,
297 972 306 999 ·
390 941 532 1026 cientis
548 935 648 1050 equi
667 937 820 1047 impetu
839 929 1037 1030 excussu,
1075 928 1222 1018 tardius
1238 932 1277 1017 in
1293 956 1438 1020 terram
1456 930 1633 1046 dela‘psos
1647 931 1707 1020 eu.

262 1111 265 1122 ·
332 1090 338 1103 ·
386 1051 621 1144 Succedunt
653 1049 699 1136 iis
735 1044 907 1161 ptop'ete
932 1047 1433 1160 LtiderusdeQitzow,
1463 1073 1506 1138 et
1531 1046 1707 1138 Woiffus

362 1167 535 1280 ‚Borclo
563 1165 633 1281 qui
650 1153 764 1250 itastis
781 1161 815 1250 se
836 1163 1005 1250 invicem
1022 1158 1219 1266 ferientes,
1250 1187 1290 1248 et
1308 1163 1430 1250 ambo
1450 1159 1563 1253 simul
1580 1167 1619 1250 in
1636 1161 1705 1250 fui·

387 1314 479 1376 vam
494 1285 679 1371 harenam
697 1273 1067 1366 cor'tucntesfinem
1080 1279 1298 1364 certamini
1321 1277 1583 1391 imposuere·
1614 1281 1705 1372 inde

240 1401 248 1408 ”
385 1427 530 1489 omnes
548 1399 597 1485 ad
612 1393 750 1484 affutta
767 1391 935 1506 hospitia
960 1394 1169 1480 redeuntes
1193 1393 1271 1480 late
1288 1391 1529 1503 splendentia
1546 1425 1654 1498 arma
1668 1396 1703 1482 in

273 1511 297 1602 .’
322 1546 335 1568 ‘
378 1514 692 1628 armamentario
710 1517 898 1597 exuentes
918 1509 978 1594 illa
1003 1511 1048 1596 in
1062 1509 1277 1619 parictibus
1300 1506 1550 1620 suspendunt.
1577 1507 1582 1515 ’
1609 1513 1704 1599 Ver·

385 1634 482 1722 titur
501 1631 668 1727 interea,
703 1653 746 1716 ut
763 1627 885 1713 Poeta
903 1627 955 1710 ait
965 1686 979 1729 ,
1006 1625 1157 1713 coelunt
1172 1651 1214 1712 et
1235 1623 1313 1710 ruit
1329 1623 1500 1714 Oceano
1518 1655 1623 1726 nox,
1650 1627 1702 1714 in'·

382 1747 551 1835 volvens
570 1743 710 1832 umbra
728 1765 888 1852 magna,
918 1763 1162 1854 terramque,
1207 1739 1451 1856 polumque,
1491 1765 1533 1828 et
1551 1741 1629 1848 ianr
1646 1766 1700 1830 tu·

307 1947 312 1956 ,
333 1935 342 1966 .,
383 1857 534 1956 bicines
549 1853 625 1948 late
640 1855 870 1964 sonantibus
884 1855 993 1942 tubis
1009 1857 1059 1942 ad
1078 1883 1237 1943 coenant
1254 1881 1395 1962 ornnes
1412 1855 1629 1962 accersunt,
1651 1855 1701 1944 ad
1796 1953 1797 1960 Ν

173 2033 178 2046 ·
281 1965 295 2041 Ϊ
371 2005 559 2094 quorum
582 1976 813 2086 clangorem
837 1969 1001 2075 universi
1026 1971 1313 2058 convenientes
1337 1971 1701 2079 stracianrensrsac·
1796 1977 1797 1991 '

303 2133 311 2152 ¹
372 2093 595 2182 cumbunt.
650 2090 707 2174 lbi
731 2114 858 2202 potu,
886 2088 1061 2200 ciboque
1076 2083 1213 2174 refecti
1234 2085 1301 2172 sub
1325 2087 1454 2174 noctis
1471 2090 1699 2186 conticinio,

285 2210 291 2218 ’
383 2210 528 2298 iterun]
553 2209 593 2292 in
613 2191 1052 2316 praetorianis'ndibus,
1089 2223 1172 2288 non
1191 2203 1326 2316 paucis
1343 2201 1698 2292 staticulisuesarn·

382 2328 445 2416 tis.
503 2323 599 2411 lude
616 2349 687 2434 per
703 2319 931 2434 praiconenr
950 2344 1151 2405 certamen
1169 2317 1361 2406 hosticum
1387 2315 1528 2407 sociale
1543 2319 1695 2434 postero
1795 2407 1796 2410 a

340 2467 346 2478 ’
382 2441 448 2529 die
464 2437 663 2547 futurum,
692 2459 733 2522 et
749 2436 908 2558 praeptia
926 2434 993 2520 tali
1015 2436 1201 2522 oratione
1224 2434 1455 2526 denuntiata
1481 2433 1579 2524 sunt·
1635 2437 1696 2525 Ne
1795 2465 1796 2522 t

382 2559 473 2672 quis
487 2553 657 2642 vestrum
682 2552 846 2638 mitetur
867 2551 936 2635 viri
962 2547 1180 2647 fortiffinri‚
1218 2577 1290 2636 cut
1306 2547 1388 2636 hoc
1404 2549 1533 2638 noctis
1550 2549 1694 2638 stientio

357 2759 365 2772 ,
381 2674 423 2759 in
440 2673 683 2756 concinnent
700 2693 775 2750 vos
791 2691 939 2750 omnes
953 2667 1144 2775 vocarint,
1169 2663 1400 2770 auscultate,
1431 2689 1472 2756 et
1520 2689 1694 2776 arunrper

382 2786 482 2872 mihi
499 2811 664 2895 operam
683 2781 788 2895 date,
816 2793 982 2894 meaque
999 2779 1103 2869 diua
1119 2782 1159 2866 in
1179 2783 1318 2866 animis
1335 2695 1691 2868 vestris‘rgcondite.
1794 2873 1795 2890 p

380 2899 471 3012 Ego
488 2895 829 2988 llluiiriffitnorunt
846 2895 1077 3009 Principum
1093 2895 1355 3002 Jonctanrt,
1375 2897 1689 3010 S.R.1.S·eptent·
1794 2911 1795 2966 ³

315 3071 317 3078 ›
353 3015 476 3126 ruiti,
506 3038 547 3098 et
569 3012 808 3104 Hurrunrcr
840 3011 1164 3124 Magnopoiirani
1181 3003 1520 3125 Ducisinrperio,
1551 3013 1689 3100 cointe

262 3147 269 3156 '
380 3155 518 3243 parete
536 3154 693 3240 equum
712 3125 776 3222 est,
801 3125 960 3212 sociales
977 3123 1284 3212 lodoshasticos
1302 3129 1341 3214 in
1359 3127 1687 3224 crastinumuien

378 3253 500 3360 atq'ue
516 3246 554 3328 in
572 3239 653 3355 ipso
670 3243 833 3326 meridie
850 3243 951 3328 hora
974 3243 1215 3328 duodecima
1241 3239 1399 3340 futuros
1421 3243 1609 3352 omnibus
1625 3269 1686 3327 vo
1793 3341 1794 3350 p

378 3360 460 3464 bis,
496 3359 638 3474 quibus
670 3358 729 3442 vel
761 3357 951 3470 speciare,
992 3357 1052 3442 vel
1080 3366 1229 3442 certare
1250 3357 1378 3444 libido
1402 3357 1475 3458 est,
1512 3361 1687 3474 predico.

377 3477 555 3564 Proinde
572 3473 751 3587 quisquis
763 3473 813 3560 ab
830 3473 987 3589 inclytis
1004 3473 1248 3583 principibu)
1264 3476 1313 3560 ad
1329 3473 1412 3562 hoc
1428 3495 1684 3587 certamen‚.et
1793 3481 1794 3492 ³

378 3591 555 3678 militaris
578 3586 788 3699 distiplinae
825 3591 1059 3676 exercitium
1084 3585 1304 3700 deiignatus
1330 3587 1405 3688 cst,
1443 3591 1605 3703 postero
1628 3589 1685 3678 die
1793 3573 1794 3642 Ψ

363 3705 476 3792 'hora
500 3704 685 3791 condicta
709 3705 750 3788 in
772 3703 916 3801 harena
940 3703 1135 3816 adpareat.
1193 3704 1289 3791 inde
1303 3733 1384 3816 per
1398 3703 1618 3823 [equisque
1632 3734 1686 3792 ca·

244 3824 250 3833 ’
370 3847 478 3922 ucat,
504 3849 561 3905 ne·
573 3818 684 3904 sacco
700 3821 749 3904 ab
765 3847 873 3934 equo
892 3818 1026 3906 subtus
1042 3819 1195 3906 collum
1213 3848 1325 3908 crure
1353 3845 1469 3908 renus
1486 3823 1686 3936 pendente,
1792 3855 1793 3909 ;

377 3961 445 4020 aut
462 3930 571 4030 sella,
597 3932 659 4020 seo
680 3934 888 4048 ephippio,
918 3959 986 4021 aut
1004 3933 1173 4048 cingula,
1198 3961 1266 4020 aut
1283 3937 1534 4038 calcaribus„
1549 3937 1685 4024 aut'ha·

375 4045 444 4154 sta,
470 4073 540 4140 aut
554 4073 633 4165 qua
647 4045 718 4171 alia
733 4077 786 4154 re,
812 4043 959 4141 adhoc
976 4045 1117 4144 sociale
1132 4047 1331 4158 hosticum
1349 4076 1552 4144 certamen
1567 4045 1684 4255 nesces-
1790 4119 1793 4166 p

425 4195 431 4218 ··
487 4197 502 4218 ·
679 4217 688 4228 ·
833 4182 865 4214 '·
1480 4209 1487 4222 ··
1617 4189 1685 4252 ana
