3568 4684
786 13 790 22 t

801 53 802 61 t

803 74 804 98 r
926 85 935 89 -
1081 47 1102 100 Ῠ

765 113 771 120 ·
798 117 800 127 t

189 333 191 336 ’
261 315 547 408 Enconrvru
589 313 1173 409 Mancnrarllrnuuanu.
1244 345 1365 432 >579
1405 290 1436 372 Ῠ
1523 341 1526 349 ·

73 539 133 604 tus
156 515 555 630 Wiirtemhergicus,
594 514 723 630 ipsum
749 516 947 632 imprimiss
969 514 1361 629 illustre-collegium

72 629 368 722 saudeattellari
385 629 556 745 pollunr.
575 713 577 720 .
614 633 848 732 Verumcni
870 633 953 718 lraec
970 635 1089 719 Parca
1107 633 1257 744 parcit?
1299 635 1361 718 ln·

72 769 126 832 ter
139 743 377 855 dudliffim'os
395 745 609 844 clarilsrmi,
638 751 739 838 inter
758 743 984 834 clarillimos
1002 743 1307 861 prestantissimi,
1319 772 1362 835 et

69 857 369 976 interutrosque
384 853 693 950 excellentiffimi
714 861 892 968 adversus
921 859 1267 950 mortis'llimulor
1290 889 1361 948 ne·
1510 951 1524 968 ,

71 1001 216 1088 queunt
231 975 268 1064 se
285 977 451 1066 munire.
509 977 770 1072 Condibuic
784 976 1074 1067 Minotaurum
1092 975 1361 1089 predamlirnt
1450 1051 1454 1065 .
1508 989 1509 994 '

70 1088 252 1200 erpofiti‚
296 1093 485 1206 quamdiu
510 1095 549 1178 in
576 1091 691 1200 hujus
717 1091 910 1204 profundi
936 1119 975 1179 et
996 1091 1193 1178 immundi
1219 1091 1361 1176 mundi
1469 1168 1473 1177 f

68 1199 249 1295 fundoac
265 1206 493 1322 labyrintho
510 1209 678 1320 degunt,
694 1210 824 1294 immo
841 1209 904 1295 vix
918 1205 1097 1318 'nati‘ejus
1114 1205 1266 1293 tributo
1275 1205 1361 1292 suli·

66 1316 266 1431 jiciunrur,
295 1346 335 1408 et
349 1322 417 1410 alii¹
430 1321 617 1408 morbum
634 1321 761 1422 lrunt,
790 1323 1014 1424 allianum,
1057 1327 1180 1409 viram
1203 1321 1360 1409 u'eroo·

68 1461 176 1550 mnes
191 1435 391 1551 redigalis
416 1435 515 1522 loco
542 1432 720 1536 solvunt;
747 1435 877 1524 soluit
898 1459 938 1524 et
960 1436 1027 1522 hic
1049 1437 1366 1548 prenominatus

65 1550 215 1660 placide
230 1549 310 1640 sme
328 1553 445 1662 motu
460 1573 501 1636 et
517 1577 625 1641 metu
644 1550 824 1664 Veneriis
839 1550 1128 1667 velligalillud,
1157 1549 1363 1664 quoderat

64 1657 510 1778 soluendumtamquam
527 1666 729 1763 debitum,
757 1666 1127 1781 cujusptovinciam
1145 1661 1362 1750 rite'adnri·

63 1777 293 1884 nillrandam
311 1775 473 1896 suscepit
488 1781 591 1894 (c).'
658 1780 838 1898 Antiqua
854 1781 1012 1894 generis
1028 1778 1263 1874 nobilitate‚'
1284 1775 1360 1863 do·
1486 1849 1503 1856 ,,

66 1895 192 1983 lirina
223 1895 524 2012 prudentiaeque
552 1893 780 1984 celebritate
799 1893 1089 2009 ,splendidillrus
1117 1915 1157 1980 et
1183 1889 1361 1991 llrenuus

62 2005 136 2094 Dn.
151 2009 321 2098 lohannes
334 2011 520 2094 roubimas'
535 2039 555 2098 a
571 2009 762 2112 orunrber,
789 2018 829 2106 in
844 2018 979 2104 literni
995 2014 1094 2117 ffissb,
1111 2007 1306 2115 metiente!
1321 2028 1364 2093 et

63 2127 268 2244 {sublingua
277 2181 295 2231 Ι
327 2123 412 2240 boc
434 2149 633 2241 tempore¹
651 2125 869 2222 sereniffimi
896 2129 1011 2212 ducis'
1032 2119 1364 2234 wurtenbergici

63 2238 301 2329 confiliarius
320 2240 509 2350 intimus,
541 2239 718 2352 ephorus
735 2239 968 2328 illustrissimi
993 2237 1172 2348 collegii,
1209 2259 1363 2350 etprae·

61 2350 185 2442 sedus
200 2353 380 2470 superior
393 2355 679 2468 Tubingenlis,
699 2355 896 2441 nlecaenas
913 2377 952 2438 et
967 2352 1105 2450 fautor
1118 2377 1229 2434 meus
1247 2349 1363 2436 omni

59 2463 214 2560 honore
232 2462 275 2562 et
291 2471 401 2558 cultu
417 2465 594 2556 submisse
609 2466 918 2586 prosequendus.
952 2463 1106 2572 Hujus
1124 2463 1314 2546 abrahami
1337 2489 1362 2549 a

57 2587 157 2670 Bella
172 2584 295 2676 frater
312 2583 754 2681 ChristianusaBellin‚
784 2582 838 2670 est
854 2582 922 2672 diu
941 2581 1017 2691 jam
1036 2583 1137 2667 inter
1151 2575 1363 2692 patriade·
1392 2611 1397 2618 ·
1494 2623 1504 2632 -

59 2727 149 2788 cora
170 2729 212 2789 et
237 2701 383 2799 fulcra,
417 2702 458 2787 in
477 2699 559 2786 hoc
579 2698 656 2786 five
680 2693 875 2788 desideres
898 2695 1043 2809 ingenii
1067 2703 1256 2792 acumen,
1284 2687 1364 2778 uve

60 2841 220 2904 morum
242 2817 478 2930 elegantiam
497 2813 705 2902 certissime
727 2813 1021 2928 deprebendesf
1066 2807 1143 2894 five
1162 2807 1363 2918 exspelles

57 2929 286 3046 linguarum
311 2933 519 3045 peritiam,
547 2927 616 3016 hic'
630 2929 745 3016 callet
759 2929 900 3024 varias:
956 2954 1006 3012 ne
1033 2945 1166 3012 autem
1192 2921 1363 3020 dubites,
1394 2981 1397 2990 a

57 3047 318 3136 certissimum
345 3046 419 3133 tibi
449 3045 581 3134 reddit
608 3043 806 3138 summum
832 3043 930 3129 illud
952 3038 1134 3138 officium
1161 3065 1182 3124 a
1204 3031 1368 3123 serenill-
1398 3043 1402 3052 '

56 3159 230 3250 eledore
251 3157 322 3274 ipfi
342 3161 633 3258 concreditum.
646 3160 749 3248 dum
762 3155 981 3258 universum
999 3155 1240 3242 comitatum
1249 3149 1363 3262 Rup·
1467 3207 1473 3210 -
1506 3193 1508 3202 v

54 3275 264 3390 pinensem
282 3273 545 3372 administrat,
572 3272 778 3387 gubernat.
847 3271 934 3385 lpl’o
959 3296 1097 3356 amore
1121 3291 1161 3352 et
1187 3265 1365 3352 candore

54 3386 296 3478 sollicitante
307 3389 378 3476 bic
394 3390 554 3476 tandem
583 3391 777 3499 praeterire
802 3409 962 3498 nequeo
989 3409 1122 3466 meum
1142 3376 1366 3466 litter-'atissa'
1505 3394 1532 3506 Ἰ

53 3535 170 3594 mum
186 3506 636 3612 lualtbrfieremarrrrrnnen¹
655 3501 720 3590 bic
736 3527 879 3616 quanm
898 3525 991 3616 cum
1009 3495 1124 3580 laude
1141 3494 1237 3578 vixit
1245 3493 1275 3576 F
1277 3519 1363 3577 tan-

52 3615 206 3710 cofurti
221 3621 273 3707 ad
289 3621 483 3708 Viadrtrm
492 3677 509 3718 2
531 3644 781 3734 quantacum
798 3613 1083 3702 existimatione
1099 3605 1365 3736 Wittebergae

52 3739 239 3852 quinque
257 3762 456 3822 annorum
471 3735 623 3846 spatio,
660 3731 847 3846 testantur
872 3729 935 3814 illa
959 3725 1173 3839 specimina
1200 3721 1360 3850 publrce

52 3877 93 3939 et
110 3855 307 3966 privatim
328 3849 514 3950 exhibita,
530 3875 637 3936 nunc
655 3849 696 3932 iu
709 3845 846 3932 illustri
861 3843 970 3956 degit
992 3839 1150 3934 S'alana,
1178 3833 1386 3922 incallrm.

549 4002 554 4016 ·
649 3961 813 4068 Rrr'3.
938 3999 939 4002 Ν
1090 3993 1096 4003 ·
1211 3945 1374 4035 ··Ἠκε-Ι
1517 3997 1534 4012 «-

96 4117 176 4217 (c)
202 4115 241 4194 1.
256 4113 298 4194 C.
322 4119 449 4194 annno
463 4138 554 4208 meus
567 4118 604 4188 in
616 4114 766 4190 orariam
775 4106 925 4208 surubri
937 4113 1093 4182 uerat-re
1106 4101 1340 4202 irasaqrritur.
