3568 4684
122 387 134 395 -
258 306 542 418 Elrconrvn
578 310 1220 420 Nr'o'srnunErunswn'ro.
1314 353 1398 444 '⁴29

85 551 161 618 res,
216 525 339 616 Tales
356 525 508 643 quippe
531 518 693 614 fuerunt
715 520 878 620 subinde
894 523 1231 620 exiicclefiassico
1247 534 1397 648 <pariter
1509 556 1512 570 ’

84 672 137 736 ac
157 642 308 732 Civico
322 643 467 732 ordine
482 642 601 737 Viri‚··
626 639 769 756 quibus
784 653 868 730 non
889 669 1046 734 tantum
1063 644 1244 738 Ecclesrae
1262 651 1395 740 incre·

83 753 687 858 mentumindefideratillimis,
724 755 961 876 Schulaeque
984 761 1305 871 emolumentum
1323 795 1394 856 cu·
1470 845 1478 857 .
1554 743 1556 750 ’

83 903 140 966 rae
156 877 353 990 cordique
369 871 456 962 sitit.
502 873 593 962 Sed
612 875 750 974 etiam,
781 899 826 964 ut
843 903 945 964 artes
962 906 1008 964 ac
1024 881 1214 994 pietatem
1225 885 1271 971 in
1291 883 1393 972 dore

83 1017 130 1082 er
150 991 310 1080 honore
326 992 559 1097 retinerent,
588 987 792 1079 festinante
814 1020 933 1091 manu
948 1021 1071 1109 opem
1094 997 1288 1099 tulerunt,
1325 1001 1392 1090 ali·

83 1135 224 1200 menta
255 1107 531 1225 prebuerunt,
573 1105 819 1219 adjuvarunt.
893 1107 1131 1202 Referamne
1171 1111 1392 1228 Culparum

5 1309 6 1312 t
83 1229 402 1331 Neumannum,
437 1225 645 1343 quondam
671 1223 857 1339 Reipubl.
882 1223 1022 1322 nostru
1044 1225 1289 1336 Consulem?
1326 1231 1405 1338 hic,

81 1344 284 1432 ducentos
301 1339 690 1442 ,florenosucclesrae
711 1369 758 1427 ao
786 1339 944 1429 Scholae
968 1343 1119 1457 legavit
1195 1345 1396 1438 Dicatune
1532 1399 1537 1408 ·

83 1461 251 1548 viduam
283 1459 640 1550 Widemamriam?
682 1455 768 1544 hec
798 1480 1000 1545 trecentos
1032 1460 1178 1574 legavit
1204 1461 1396 1566 florenos,

83 1575 136 1663 ad
153 1577 239 1662 hoe
252 1575 396 1663 artium
414 1599 455 1660 et
472 1574 629 1687 pietatis
647 1573 877 1686 emporium
905 1569 1235 1664 conservandum.
1293 1581 1393 1667 Pro·

81 1689 265 1780 feramne
294 1691 421 1780 virum
451 1688 733 1777 Reverendum
764 1667 1095 1805 clariffimumque
1120 1691 1200 1778 Dn
1224 1692 1282 1782 M.
1306 1697 1394 1782 An·

82 1806 497 1902 dreamMroririum?
535 1803 603 1892 hic
618 1832 703 1892 non
719 1827 875 1922 tantum
893 1802 1059 1919 presens
1075 1803 1246 1896 fulcrum
1261 1807 1392 1898 Scito·
1514 1825 1517 1830 ’

81 1925 132 2012 1ae
147 1919 244 2022 fuit,
273 1919 456 2036 huncque
471 1919 668 2010 musarum
685 1921 811 2019 edem
827 1923 1015 2036 reparari,
1049 1919 1394 2016 sententiarumae

81 2035 267 2130 versuum
301 2033 559 2150 inscriptione
591 2037 726 2126 ornari
756 2040 914 2151 optime
939 2042 1111 2140 curantr
1154 2037 1220 2134 sed
1256 2044 1393 2146 etiam,
1451 2062 1465 2070 “

81 2156 201 2274 quod
236 2152 364 2240 laudis
402 2168 574 2240 metetur
605 2155 868 2256 encomium,
907 2152 1141 2244 Berollnunt
1187 2185 1396 2263 avocatus,-

78 2294 225 2387 agrum
238 2270 412 2366 co'e‘mir,
446 2298 494 2355 ex
511 2295 596 2382 quo
619 2268 823 2354 annuatim
842 2263 1124 2384 mysteriorum
1152 2269 1393 2390 dispensato·

78 2391 215 2484 ribus,
243 2383 480 2497 Seholaeque
507 2382 847 2482 moderatoribus,
876 2382 1079 2496 dieipfius
1096 2385 1391 2504 nominisacro,

78 2527 191 2592 certa
214 2502 383 2614 pecunia
409 2499 636 2612 porrigitur,
701 2497 817 2586 Alios
837 2525 889 2586 ex
905 2496 1130 2588 Consulum
1155 2507 1198 2590 et
1220 2503 1394 2592 Senato-

79 2646 177 2710 rum
192 2615 356 2715 ordine‚
389 2616 459 2729 qui
472 2611 679 2700 beneficiis
695 2609 898 2728 infigniter
917 2612 1132 2724 iuventutis
1150 2613 1391 2711 informato-

76 2763 146 2828 res
169 2731 442 2826 cumularunt,
478 2757 589 2816 nunc
605 2723 810 2838 brevitatis
829 2726 963 2828 causa,
997 2727 1153 2822 silentio
1174 2734 1393 2824 involvam.

77 2850 271 2945 Scilicet,
290 2844 521 2954 iudicabant
543 2845 692 2956 optimi
710 2843 766 2936 illi
781 2845 892 2953 Viti,
922 2845 978 2934 nil
997 2846 1154 2952 utilius,
1180 2851 1238 2938 nil
1256 2842 1393 2941 lauda·

78 2967 201 3056 bilius
235 2960 454 3077 polleritati
479 2960 648 3074 relinqui
676 2957 807 3074 polle,
846 2987 967 3079 atque
987 2961 1075 3050 hoc
1102 2967 1394 3080 pedeureriqrn

76 3075 478 3171 beneconllirutum.
534 3075 806 3166 Decreverant
822 3077 898 3178 illi,
932 3086 973 3167 et
994 3079 1100 3168 rede
1124 3083 1394 3185 decreverant,
1423 3155 1427 3162 .

77 3197 308 3292 nemine-nt,
344 3192 414 3308 qui
431 3219 522 3298 non
535 3187 574 3278 se
590 3215 659 3280 aut
676 3190 924 3282 Scholastica
938 3191 1126 3285 subderet
1150 3201 1393 3288 moderanti·

76 3315 137 3410 ni,
163 3335 234 3398 aut
250 3307 421 3421 opific-io
436 3303 474 3394 se
491 3308 657 3396 dederet
672 3305 923 3413 mechanico,
949 3305 1041 3397 ferri
1056 3311 1096 3397 in
1116 3313 1212 3403 urbe
1233 3316 1393 3403 debere.

76 3431 186 3542 Qo
221 3426 344 3546 padio
372 3448 485 3512 cette
513 3422 730 3512 luxurianti
760 3423 954 3535 juventuti
991 3425 1146 3536 otium,
1191 3423 1392 3524 malorum

76 3544 271 3646 omnium
297 3568 345 3627 ac
361 3537 549 3628 scelerum
571 3564 763 3640 matrem,
791 3540 1048 3639 ademerunt,
1081 3543 1299 3659 eidemque
1322 3573 1392 3633 au·

78 3689 197 3770 teum
223 3655 435 3770 discipline
455 3652 615 3746 frenum
635 3654 865 3765 iniecerunt.
919 3655 1167 3773 Sequimini,
1203 3661 1392 3752 imitami-

78 3777 137 3880 ni,
168 3774 258 3862 Viri
274 3771 530 3889 Ampliffimi,
558 3769 710 3862 vestros
732 3770 913 3884 majores,
957 3773 1093 3894 atique
1107 3776 1265 3876 virtute,
1276 3803 1392 3866 amo·
1501 3796 1508 3810 “

80 3919 146 3990 re,
174 3885 275 3986 lide,
304 3893 500 3992 candore,
527 3885 634 3977 itanc
650 3888 840 3978 Scholanr
860 3917 908 3976 ve
940 3915 1049 3990 ram,
1082 3917 1160 4006 pro
1182 3888 1305 3982 vestra
1322 3891 1391 3982 'au-

79 4008 257 4108 toritate,
286 4031 444 4122 proque
457 4001 914 4214 iduoruniqeqlrorum
928 4001 1070 4116 salute,
1099 4003 1254 4118 fovere,
1283 4006 1390 4118 adju·

49 4211 53 4218 .
104 4148 117 4186 ἱ
160 4203 168 4218 .
301 4216 308 4236 q
661 4163 662 4166 ¹
756 4147 802 4212 2
1293 4147 1397 4220 vate·
