3568 4684
272 320 278 337 “
395 280 466 383 586
664 238 1494 416 iGurrrmuthanusruur.
1599 324 1605 334 ·

935 485 971 584 §.
1025 479 1195 604 XXlll.
1339 553 1344 564 .

536 706 539 712 ·
556 679 729 768 Celebre
744 677 900 792 insuper
911 663 973 766 'est
988 674 1235 795 gymnafium
1259 679 1484 779 Elellorale
1500 678 1608 768 vallis
1621 681 1692 789 Jur-

343 873 346 882 .
405 791 611 903 chimice,
639 797 704 882 cui
724 795 861 908 praeli
880 796 1105 882 admodum
1122 795 1248 882 clatus
1263 795 1497 912 philologus
1514 797 1696 884 Mamur

406 917 619 1024 urestmr'us,
648 910 718 1028 qui
736 910 923 998 excubias
940 939 1017 1026 pto
1034 910 1241 1020 juventute
1257 909 1425 999 affiduus
1442 911 1524 1024 agit
1540 938 1581 999 et
1595 914 1694 1025 pede·

406 1033 548 1120 lentim
568 1024 732 1112 scientiae
749 1023 926 1122 hostem.
964 1029 1031 1142 qui
1048 1025 1237 1136 juvenum
1271 1028 1439 1140 ingeniis
1462 1055 1548 1114 nun
1573 1053 1694 1140 patum

343 1201 346 1218 ι
407 1144 552 1232 excidii
578 1139 714 1252 afferte
737 1139 858 1242 solet,
895 1142 1035 1256 abigit,
1076 1141 1206 1255 fugat,
1243 1167 1470 1257 oppugnat:
1519 1143 1694 1258 quoditi-

408 1259 501 1346 dem
521 1259 623 1346 loco¹
635 1255 751 1344 mults
766 1255 984 1372 gratilltmo
1001 1255 1057 1344 est
1074 1254 1325 1355 exstrullum.
1350 1287 1426 1346 nec
1447 1259 1695 1346 oblellamen·

364 1445 368 1452 .
407 1375 458 1462 tia
476 1373 690 1462 suiecatuit
707 1400 905 1486 unquam,
933 1373 989 1460 ibi
1013 1376 1120 1459 enim
1137 1371 1294 1474 fontes,
1320 1373 1450 1474 horti,
1478 1373 1626 1489 llagua,
1654 1373 1695 1458 ibi

406 1487 779 1601 Orcades‚Napea
791 1489 1113 1604 Hamadryades,
1144 1489 1337 1604 quaenihil
1353 1485 1421 1576 nifi
1439 1489 1697 1577 mularumno·

282 1611 287 1620 '
403 1628 494 1694 tant
515 1598 698 1708 delicias,
729 1605 882 1710 vicina-s„
900 1602 1011 1690 filuas
1028 1603 1297 1692 convestiunt:
1354 1605 1422 1692 ubl
1449 1634 1514 1693 aer
1544 1604 1696 1699 liberior,

382 1817 386 1822 ,
408 1721 479 1810 ubi
499 1717 647 1807 rosaria.
658 1741 698 1805 et
712 1718 872 1806 violatia
889 1721 1241 1807 inter'fludluantrs
1257 1717 1394 1808 astatis
1412 1719 1558 1922 seFetes
1573 1723 1694 1807 eteris-

267 1935 268 1938 Ν
406 1858 548 1954 pantes
569 1833 731 1921 arbores
747 1835 892 1922 oculos
911 1835 1162 1924 demulcent:
1205 1836 1414 1924 cerebrum
1457 1837 1547 1922 uavi
1575 1837 1695 1923 odoris

407 1945 731 2048 auraincurlant,
761 1972 803 2072 et
817 1947 971 2067 spiritus
993 1949 1289 2068 reficiunth);
1331 1949 1407 2040 Nil
1422 1951 1553 2048 dicam
1571 1953 1695 2062 depta-

406 2065 478 2170 tis,
522 2062 689 2150 floribus
721 2088 925 2178 tamquam
947 2069 1210 2156 vermiculato
1243 2065 1484 2154 emblemate
1518 2065 1694 2155 tellelatis:

408 2175 674 2266 altiffimatum
695 2180 884 2268 arborum
908 2182 1082 2288 umbris,
1112 2183 1340 2272 errantibus
1365 2211 1577 2271 comarum
1602 2205 1695 2268 etta·

272 2347 307 2390 ,v
408 2295 574 2382 motum
590 2293 826 2394 intextibus‚
863 2320 1079 2385 ventorum
1097 2297 1347 2386 adulantibus
1369 2294 1550 2398 susurris,
1584 2297 1696 2386 avicu-

407 2411 534 2498 larum
554 2408 672 2496 dulce
688 2409 988 2518 minuriuntium
1009 2413 1288 2504 concentibus.
1347 2413 1579 2504 Gratiarum
1596 2405 1695 2499 illast·

408 2545 534 2641 gnant
549 2519 831 2621 diversorium.
861 2549 903 2614 et
917 2531 1319 2620 amoenantis'natura
1334 2529 1507 2617 delicias.
1566 2525 1698 2620 Nobile

366 2697 371 2708 ‹
407 2667 574 2758 quoque
598 2635 916 2757 estgymnalium
941 2641 1232 2742 Saldetianum,
1271 2646 1386 2760 quud
1411 2645 1643 2736 nobiliffima
1662 2663 1697 2726 et

406 2753 643 2872 pientiffima
660 2779 843 2844 matrona
859 2756 1072 2847 Gettrudls
1089 2757 1137 2846 ab
1152 2763 1320 2865 munden
1337 2759 1563 2850 nobilillrmi
1581 2785 1619 2848 et
1632 2785 1697 2846 ma·

407 2868 544 2984 gnifici
560 2870 639 2958 Dn.
656 2867 837 2959 Matthia
853 2899 873 2958 a
889 2871 1101 2988 umerus
1116 2873 1324 2964 honoratae
1346 2879 1553 2964 memoriae
1571 2873 1700 2983 conjux

407 2981 816 3098 Palaeobrennopytgi
833 2989 882 3073 ad
900 2988 1121 3086 Havelum,
1149 3013 1239 3076 ante
1254 2989 1411 3104 aliquot
1435 2991 1554 3080 lullra
1580 2987 1699 3078 funda·

354 3194 363 3212 „
408 3095 490 3196 vit,
518 3096 711 3183 reditibus
728 3126 769 3186 et
789 3100 994 3214 stipendiis
1008 3103 1169 3204 annuis,
1198 3133 1285 3220 quae
1302 3105 1505 3194 nobilibus
1526 3099 1698 3196 lludiufin

326 3295 331 3306 .
374 3321 385 3335 ι
410 3229 635 3326 eorumque
649 3217 963 3330 praeceptoribus
980 3241 1261 3326 numerantur,
1290 3221 1522 3324 cumulavit,
1552 3245 1699 3309 exorna·

408 3328 478 3416 vit.
534 3325 678 3415 lnhoc
695 3355 839 3445 quanta
856 3361 950 3420 cum
968 3332 1184 3435 fidelitate,
1219 3361 1340 3454 quam
1368 3361 1539 3448 paterno
1557 3333 1697 3424 adfellu

409 3443 619 3556 quondam
641 3473 666 3530 ‘a
689 3447 918 3534 reverendis
945 3449 1169 3540 admodum
1193 3477 1235 3540 et
1258 3451 1473 3556 clarillrmis
1491 3447 1605 3558 viiia,
1631 3451 1699 3536 Dn.

408 3563 513 3642 Petro
528 3568 697 3661 canonio,
726 3561 910 3653 Ecclesiae
924 3563 1306 3683 Brnndeuburgenfis
1328 3563 1701 3682 Suppeta'tteudente

217 3677 221 3684 ’
302 3801 306 3809 ⁸
410 3697 452 3764 et
467 3675 619 3764 Iacobo
634 3663 788 3792 Maiore
804 3681 1042 3798 eloquentiae
1055 3682 1127 3816 illo
1142 3685 1296 3775 lumine
1319 3706 1362 3773 et
1378 3683 1545 3776 flumine
1562 3683 1699 3774 tellure

1544 3826 1553 3836 ·
1569 3795 1696 3928 dignis·

458 3987 532 4100 (ll)
553 3987 1102 4173 ffic'ffamutansuurvr
1140 4021 1232 4084 orat.
1270 3999 1430 4084 deutris
1444 3951 1567 4104 salah,
1604 3987 1691 4086 Vult
