3660 4690
264 325 271 340 .
368 275 454 375 142
553 251 555 258 ’
635 209 1429 351 PraetiVtcrterrrrtArrrrttu.

198 423 200 430 s
293 493 304 523 κ
369 453 466 542 tico'
487 454 658 566 patruo?
691 449 876 562 Principe
906 469 1014 536 extra
1044 473 1211 541 omnem
1241 447 1298 538 tei
1321 446 1500 536 militaris
1519 441 1677 536 =scientie

159 587 165 600 '
246 613 250 628 ·
371 569 498 656 aleam
514 563 662 685 polito,
686 567 755 682 qui
771 564 955 652 Maximo
970 561 1204 664 AEmiliano,
1219 563 1343 650 Rom.
1362 562 1679 678 imperatoribu-

372 683 511 802 gullo,
539 683 739 788 maximo,
768 676 1126 792 invisiillimoquffi
1156 707 1177 764 a
1205 677 1410 787 juventute
1427 681 1477 766 in
1503 677 1681 766 senesiam

367 798 508 914 vusque,
530 827 602 913 per
616 815 680 884 tor
697 794 799 883 bella
815 819 973 993 erpene
988 794 1213 880 innumeras
1228 792 1391 910 strages,
1420 816 1605 908 tanquam
1619 795 1684 880 Pe·

327 904 332 912 ’
374 917 515 1008 tithoo
537 912 716 1002 Theseus
739 910 848 998 adh-rr
866 936 908 994 rt.
972 909 1085 1022 Qid
1116 911 1165 994 de
1190 911 1457 1020 patruelibus?
1485 905 1687 1009 Casmito,

299 1029 303 1039 ’
376 1034 447 1148 qui
474 1027 664 1138 depositis
694 1023 903 1136 disciplinae
929 1024 1106 1110 militaris
1134 1025 1392 1128 rudimentis,
1425 1026 1600 1140 primum
1627 1021 1687 1108 sub

138 1175 143 1186 ·
280 1241 305 1249 ,,
377 1171 503 1262 patre,
530 1145 624 1232 inde
646 1141 713 1228 sub
732 1143 877 1226 eodem
895 1139 1079 1252 Auguslo
1098 1136 1261 1240 Caesare,
1291 1166 1462 1256 quantus
1480 1145 1710 1255 imperator·
1774 1201 1775 1204 a

378 1255 667 1359 futurus'elser,
695 1259 734 1344 in
752 1255 859 1344 bello
873 1255 1025 1375 ,quoti
1039 1243 1142 1342 'cum
1159 1253 1558 1372 Notenbergensrbtrs
1582 1245 1693 1372 g‘sllit,

307 1463 313 1472 ,
380 1379 520 1491 inquo
536 1373 719 1462 hostilem
737 1374 955 1460 exercitum
969 1398 1076 1484 pene
1093 1372 1145 1464 ad
1162 1373 1475 1462 internecionem
1493 1370 1610 1472 fudit,
1632 1369 1693 1479 Ju-

380 1495 490 1578 venis
510 1489 654 1603 adbuc,
678 1513 769 1576 cum
790 1489 961 1574 maxims
978 1485 1053 1592 l'ua,
1075 1513 1114 1573 et
1133 1485 1293 1601 suornm
1315 1489 1429 1576 laude
1455 1484 1695 1576 demonstra·

234 1639 259 1686 μ
357 1647 361 1657 ·
382 1610 458 1694 vit:
490 1633 529 1694 ct
546 1605 731 1718 Georgio
742 1667 754 1708 ,
780 1606 846 1718 qui
866 1603 927 1688 sua
946 1605 1088 1688 virtute
1107 1605 1381 1718 extra‘patrio's
1395 1601 1516 1709 fines,
1545 1606 1590 1695 in
1606 1604 1697 1690 Pau·
1776 1629 1781 1640 ·

221 1785 222 1794 r
355 1811 360 1820 ,
382 1723 503 1814 nonia
515 1722 780 1834 principatum
797 1716 864 1804 fibi
881 1721 1129 1832 comparavit
1139 1727 1151 1828 l
1162 1723 1301 1836 Atque
1317 1725 1576 1828 Acumen,
1585 1743 1700 1834 quem

315 1867 323 1889 ’
384 1835 453 1926 srbi
468 1836 547 1922 Dei
565 1831 979 1946 Optiniiblaxiuaique
995 1829 1172 1946 auspiciis
1190 1863 1308 1924 cruce
1325 1833 1461 1950 signati
1477 1831 1700 1932 fratressue
1784 1897 1785 1900 a

287 2019 292 2026 .
322 2051 330 2058 ⁸
385 1955 456 2044 reli
488 1953 590 2038 irinis
606 1948 913 2066 Magistrumet
928 1941 1082 2036 Rtusliae
1100 1953 1338 2064 principem,
1359 1951 1480 2066 quud
1496 1947 1703 2052 soelixfau·
1786 1974 1789 1980 ·

387 1982 570 2183 {lulium
592 2061 662 2166 stt,
697 2065 963 2180 delegerunt·
1003 2067 1145 2152 Taceo
1171 2067 1291 2172 alios,
1329 2095 1504 2181 quorum
1539 2071 1704 2181 ¹prtiptet

388 2202 567 2288 aetatem,
595 2206 641 2268 ut
656 2181 782 2268 Po'e'ta
798 2181 871 2279 ait,
900 2179 1032 2284 adbuc
1054 2176 1244 2270 meirisin
1267 2183 1470 2270 herbaest.
1546 2173 1706 2295 Qrirlfi
1810 2173 1811 2184 '

420 2300 477 2386 uis
493 2297 577 2386 haec
597 2295 857 2400 contemnat,
890 2321 930 2384 et
947 2323 1033 2410 quae
1054 2293 1114 2382 sua
1128 2293 1231 2398 sunt,
1258 2327 1343 2386 non
1374 2299 1497 2388 aliena
1514 2299 1708 2416 requirat?
1812 2381 1813 2392 Ν

332 2457 334 2460 ·
390 2331 457 2504 {st
474 2417 513 2500 in
528 2413 802 2524 hocPrinripe
819 2415 1049 2524 prudentia,
1074 2407 1355 2526 sapientiaque,
1377 2442 1591 2528 rerumque
1610 2413 1708 2498 adeo

314 2569 317 2574 ·
372 2527 589 2644 'fingularis
600 2525 869 2638 experientia,
899 2527 1069 2612 utillum
1086 2529 1173 2639 quis
1199 2531 1303 2614 teile
1319 2525 1463 2644 Ulysti,
1490 2523 1714 2642 sapientissi-

393 2673 464 2734 mo
482 2643 722 2758 Gracurum
740 2641 870 2738 Duci,
900 2641 969 2750 qui
985 2669 1117 2726 mores
1132 2641 1347 2761 homiuum
1370 2645 1598 2730 multorum
1618 2645 1714 2734 vidit

393 2785 435 2848 et
452 2759 582 2859 urbes,
601 2781 833 2864 comparare
851 2751 979 2864 possit.
1036 2755 1219 2842 Consilio
1235 2787 1406 2873 namque
1425 2755 1715 2872 presentislimb

395 2870 621 2989 precellens
639 2865 825 2957 lllnrchiae
850 2869 1020 2956 habenas
1043 2870 1119 2979 ja'm'
1140 2874 1290 2980 multos
1305 2865 1434 2962 annos
1450 2867 1555 2962 ades
1575 2878 1716 2965 callen-

396 3013 456 3075 ter
472 2984 587 3100 regit,
602 2972 703 3068 adeo
718 2981 907 3096 sapienter
924 2985 1170 3092 moderatur,
1190 3015 1234 3074 ut
1251 2991 1394 3076 nullius
1414 2993 1718 3102 provincialia·

397 3093 523 3190 t'us'srt
541 3097 801 3197 sbrtunatior,
833 3125 876 3185 ut
895 3099 962 3188 illo
978 3101 1245 3216 gubernante,
1271 3103 1354 3192 hoc
1371 3105 1526 3194 clavum
1544 3131 1721 3213 tenente,
1754 3113 1760 3137 ’

398 3213 586 3310 Marchiu:
610 3214 714 3299 nulla
740 3215 914 3326 procella
937 3215 1225 3306 extimescenda
1243 3217 1298 3308 lit.
1354 3221 1506 3330 Jullitia
1521 3245 1653 3320 tanta,
1680 3251 1723 3310 ut

94 3435 96 3442 ,
263 3419 266 3426 ,
400 3333 470 3434 illi,
493 3335 681 3441 tunquam
701 3325 876 3433 A'rillidi,
900 3327 995 3440 Justi
1016 3361 1166 3418 nomen
1189 3331 1260 3420 else
1279 3331 1405 3446 possit.
1465 3337 1594 3426 Adett
1614 3341 1732 3428 illier-

63 3457 67 3468 ’
211 3501 237 3520 2·
357 3543 361 3549 ,
401 3445 501 3538 fides
524 3471 604 3530 tam
623 3443 798 3558 egregia,
827 3461 871 3530 n't
888 3445 1055 3554 injurato
1081 3447 1135 3534 illi
1158 3453 1304 3564 magis,
1332 3479 1452 3566 quam
1475 3451 1615 3558 juratis
1643 3455 1725 3544 aliis

402 3563 542 3650 decem
563 3559 753 3646 credatur.
809 3556 839 3644 F
840 3556 1058 3652 ortit'udine
1074 3563 1228 3680 Socrpti
1244 3568 1413 3680 aequalis,
1433 3569 1727 3683 Temperantia

143 3639 146 3648 ε
208 3676 211 3684 ’
300 3717 336 3786 y
403 3673 662 3790 sibiipfipar3
700 3673 1245 3792 quodfiquiseloquentiam
1270 3679 1516 3790 confideret,
1546 3685 1599 3772 ab
1624 3687 1741 3784 illius.

404 3816 477 3880 ote
494 3791 608 3877 melle
626 3786 732 3878 dulci
747 3783 905 3903 dulcipr
921 3793 1009 3880 sluit
1023 3795 1164 3882 oratio.
1223 3792 1308 3884 Hic
1328 3799 1519 3914 religione
1529 3801 1730 3902 Numam,

337 3908 339 3917 ’
404 3913 565 3998 moru'nr
584 3909 772 4018 gravitate
788 3907 1015 4007 Catonem,
1040 3909 1250 3998 clementia
1265 3911 1478 4018 Celerem,
1493 3915 1730 4004 liberalitate

404 4021 639 4147 Lucullum,
672 4015 1106 4151 soelicitatellsetellum
1130 4023 1294 4143 superat
1319 4053 1328 4154 j
1351 4029 1405 4120 Et
1423 4057 1526 4123 ,cum
1541 4028 1736 4130 lustrense,

443 4204 446 4215 .
1068 4190 1074 4206 ¹
1614 4165 1735 4240 mum
1793 4221 1798 4226 -
