3732 4682
172 230 176 238 ,
253 145 311 241 m
439 93 442 98 ’
668 82 1231 224 annonario
1356 143 1362 150 ·
1536 53 1539 62 ⁴
1711 51 1715 60 ⁵

89 334 94 344 ‘
255 338 508 476 ¹burgicam
528 325 734 434 uersanti
756 321 1040 436 inserviendi
1057 325 1368 448 desiderium,
1410 355 1556 468 quem
1583 333 1685 442 sco·

256 527 371 634 pum
386 465 446 592 'et
469 486 560 589 Nos
583 481 789 622 quodam
812 477 951 582 modo
963 483 1065 614 jam
1084 479 1176 584 elie
1194 483 1473 588 consecutos
1491 485 1686 590 conlidi·
1861 495 1862 504 '

257 679 374 752 mus.
480 639 584 744 Non
615 641 740 738 enim
775 629 840 734 est
868 667 1096 740 numerus
1139 636 1260 741 adeo
1299 640 1441 745 valde
1480 647 1684 777 exiguus

257 791 731 934 opusculorumqua
754 786 936 932 <luobus
957 789 1026 892 his
1039 787 1204 894 Tomis
1226 781 1558 908 continentur,
1584 793 1686 898 ula-

257 979 355 1086 que
377 980 489 1050 cum
510 937 632 1042 finta
646 939 771 1044 Viris
790 939 1558 1048 mammaemdttioneetuourmn
1572 941 1685 1046 com¹

256 1099 430 1240 spicuis
447 1091 666 1211 enaratai
701 1093 826 1200 haud
845 1088 1125 1234 arroganter
1142 1095 1234 1201 dici
1260 1106 1453 1237 poterit,
1479 1099 1687 1204 summo-

256 1283 366 1354 rum
386 1251 684 1380 ingeniorum
711 1250 1019 1352 monumenta
1051 1277 1101 1352 et
1124 1271 1244 1352 nota
1273 1265 1473 1390 optima⁴
1496 1255 1685 1388 Scripta

257 1395 563 1507 collectione
582 1401 671 1505 liac
700 1403 1066 1540 comprehendi,
1098 1425 1150 1505 et
1179 1401 1258 1507 illa
1280 1409 1437 1507 omnia
1458 1411 1506 1508 in
1534 1435 1715 1531 unum·-

257 1554 432 1695 corpus
454 1555 647 1702 redaola
677 1555 734 1661 ad
764 1591 928 1679 manus
956 1559 1156 1672 habere,
1189 1593 1248 1659 eo
1268 1564 1415 1692 magis
1442 1553 1546 1664 fore
1575 1589 1688 1699 gra-

108 1714 112 1722 ’
257 1739 360 1821 tum
381 1739 741 1850 acceptumque
760 1717 1018 1846 speramur,
1038 1745 1148 1814 cum
1169 1717 1332 1850 sapi-us
1356 1713 1522 1822 eadem
1545 1753 1687 1860 opus·
1723 1804 1728 1810 .
1864 1815 1865 1852 p

185 1998 188 2003 ,
256 1871 365 1980 cula
388 1873 434 1972 in
458 1868 662 2006 publicis
683 1861 1012 1970 defiderentur
1030 1867 1352 1986 B;bliothecis,
1372 1893 1455 1973 aut
1474 1885 1561 2010 pe'r
1580 1879 1693 2014 plu..·

256 2038 378 2141 rima
398 2027 551 2170 forsan
573 2027 778 2165 dispersa
809 2030 1056 2178 volumina
1084 2027 1281 2167 operose
1300 2035 1687 2174 evolvereopor·

256 2189 463 2309 team-in
482 2179 1098 2320 Officinisautrmlibrariis
1125 2203 1271 2321 quam
1302 2189 1509 2290 maxime
1536 2197 1686 2300 etiam
1730 2315 1734 2324 .

254 2334 517 2448 instructis,
539 2334 598 2438 ob
616 2339 1133 2473 exiguumnumerum,
1152 2339 1548 2478 quoplerumque
1563 2353 1687 2480 ejus*

164 2571 166 2574 -
255 2495 385 2601 modi
405 2491 581 2630 scripta
600 2491 739 2626 prelo
753 2494 888 2595 exire
907 2490 1079 2606 solent,
1115 2513 1168 2592 ut
1191 2487 1507 2627 postumgam
1541 2529 1686 2602 anno·
1711 2517 1718 2524 ·

255 2647 552 2756 rumseriem
574 2643 761 2780 semper
788 2647 1078 2782 inpromptu
1107 2641 1222 2760 suit,
1258 2641 1391 2746 nullo
1409 2649 1522 2779 jure
1553 2656 1685 2786 exigi

156 2817 158 2824 ’
254 2796 434 2943 potest3
469 2827 525 2902 ac
550 2790 889 2934 fiquandoque
913 2799 959 2903 in
982 2789 1210 2932 catalogis
1229 2797 1477 2910 librorum,
1498 2804 1581 2932 qui
1600 2833 1688 2937 pu·
1813 2905 1822 2921 ,

254 2959 383 3072 bliee
398 2970 628 3068 veneunt,
644 2939 773 3056 nobis
791 2952 1077 3070 indicantur,
1094 2955 1154 3058 ob
1179 2950 1492 3089 uniusscripti
1509 2947 1687 3061 delicie·

88 3103 92 3112 ’
256 3107 409 3212 rium,
434 3102 674 3234 integrum
695 3130 1034 3239 nonnunquam
1053 3097 1293 3240 Volumen
1315 3095 1585 3236 pretiosatis
1606 3133 1686 3209 ca·

255 3286 310 3386 to
329 3249 421 3356 elle
440 3249 799 3372 redimendum,
835 3253 1051 3390 quotidie
1080 3246 1383 3390 ‚experimurss
1427 3253 1686 3368 :Accedio

256 3405 386 3548 quod
406 3403 606 3550 cuilibet
624 3404 866 3542 integrum
880 3411 982 3542 jam
996 3403 1137 3550 stude
1156 3407 1454 3542 dignitate'et
1467 3404 1686 3546 prelian-

257 3571 324 3672 tia
342 3565 674 3703 cujuscunque
697 3560 938 3698 opusculi,
974 3563 1102 3702 quod
1126 3559 1570 3699 inspiciendinulla
1600 3555 1686 3698 ipsl

256 3713 399 3856 antea
415 3711 508 3864 luit
523 3711 946 3859 facultar,.certiua
962 3717 1180 3834 statuere,
1203 3739 1254 3822 et
1271 3713 1686 3860 aliorumcensuta

748 3891 751 3898 “
1534 3871 1687 3989 llurlio
