<?xml version="1.0" encoding="UTF-8"?>
<!DOCTYPE html PUBLIC "-//W3C//DTD XHTML 1.0 Transitional//EN"
    "http://www.w3.org/TR/xhtml1/DTD/xhtml1-transitional.dtd">
<html xmlns="http://www.w3.org/1999/xhtml" xml:lang="en" lang="en">
 <head>
  <title>
</title>
<meta http-equiv="Content-Type" content="text/html;charset=utf-8" />
  <meta name='ocr-system' content='tesseract 3.04.00' />
  <meta name='ocr-capabilities' content='ocr_page ocr_carea ocr_par ocr_line ocrx_word'/>
</head>
<body>
  <div class='ocr_page' id='page_1' title='image "./scriptoresrerum01wintgoog_0377.png"; bbox 0 0 3534 4682; ppageno 0'>
   <div class='ocr_carea' id='block_1_1' title="bbox 407 229 1354 410">
    <p class='ocr_par' dir='ltr' id='par_1_1' title="bbox 407 229 1354 410">
     <span class='ocr_line' id='line_1_1' title="bbox 407 229 1354 410; baseline -0.003 -30"><span class='ocrx_word' id='word_1_1' title='bbox 407 232 500 410; x_wconf 23' lang='lat'>336⁴</span> <span class='ocrx_word' id='word_1_2' title='bbox 610 265 612 270; x_wconf 65' lang='lat'>,</span> <span class='ocrx_word' id='word_1_3' title='bbox 772 291 838 378; x_wconf 88' lang='lat' dir='ltr'>io.</span> <span class='ocrx_word' id='word_1_4' title='bbox 874 251 987 377; x_wconf 81' lang='lat' dir='ltr'>Por.</span> <span class='ocrx_word' id='word_1_5' title='bbox 1021 317 1088 376; x_wconf 79' lang='lat' dir='ltr'>uu</span> <span class='ocrx_word' id='word_1_6' title='bbox 1116 229 1354 377; x_wconf 72' lang='lat' dir='ltr'>Lvunu’tu</span> 
     </span>
    </p>
   </div>
   <div class='ocr_carea' id='block_1_2' title="bbox 128 489 1757 4186">
    <p class='ocr_par' dir='ltr' id='par_1_2' title="bbox 128 489 1696 1096">
     <span class='ocr_line' id='line_1_2' title="bbox 247 489 1691 595; baseline 0.003 -26"><span class='ocrx_word' id='word_1_7' title='bbox 247 522 388 593; x_wconf 72' lang='lat'>1„„„,.</span> <span class='ocrx_word' id='word_1_8' title='bbox 510 495 562 572; x_wconf 86' lang='lat' dir='ltr'>set</span> <span class='ocrx_word' id='word_1_9' title='bbox 575 520 593 570; x_wconf 93' lang='lat' dir='ltr'>a</span> <span class='ocrx_word' id='word_1_10' title='bbox 607 493 793 573; x_wconf 86' lang='lat' dir='ltr'>servitute.</span> <span class='ocrx_word' id='word_1_11' title='bbox 844 489 1233 588; x_wconf 79' lang='lat' dir='ltr'>Obverterunrcapita</span> <span class='ocrx_word' id='word_1_12' title='bbox 1246 493 1420 590; x_wconf 78' lang='lat' dir='ltr'><em>principes</em></span> <span class='ocrx_word' id='word_1_13' title='bbox 1441 499 1584 570; x_wconf 82' lang='lat' dir='ltr'>ueterani</span> <span class='ocrx_word' id='word_1_14' title='bbox 1605 515 1691 595; x_wconf 81' lang='lat' dir='ltr'>etque</span> 
     </span>
     <span class='ocr_line' id='line_1_3' title="bbox 247 595 1690 695; baseline 0 -23"><span class='ocrx_word' id='word_1_15' title='bbox 247 607 351 694; x_wconf 77' lang='lat' dir='ltr'>siquos</span> <span class='ocrx_word' id='word_1_16' title='bbox 368 624 401 670; x_wconf 78' lang='lat' dir='ltr'>et</span> <span class='ocrx_word' id='word_1_17' title='bbox 509 599 681 674; x_wconf 77' lang='lat' dir='ltr'>violento</span> <span class='ocrx_word' id='word_1_18' title='bbox 702 595 850 670; x_wconf 90' lang='lat' dir='ltr'>conatui</span> <span class='ocrx_word' id='word_1_19' title='bbox 865 609 1148 690; x_wconf 77' lang='lat' dir='ltr'>repugnarunt:¹</span> <span class='ocrx_word' id='word_1_20' title='bbox 1165 613 1293 665; x_wconf 87' lang='lat' dir='ltr'>contra</span> <span class='ocrx_word' id='word_1_21' title='bbox 1315 599 1512 670; x_wconf 77' lang='lat' dir='ltr'>recentiores</span> <span class='ocrx_word' id='word_1_22' title='bbox 1526 599 1576 672; x_wconf 90' lang='lat' dir='ltr'>ilii</span> <span class='ocrx_word' id='word_1_23' title='bbox 1592 601 1690 695; x_wconf 86' lang='lat' dir='ltr'>impo-</span> 
     </span>
     <span class='ocr_line' id='line_1_4' title="bbox 247 691 1693 797; baseline -0.002 -24"><span class='ocrx_word' id='word_1_24' title='bbox 247 691 396 790; x_wconf 56' lang='lat'>10020550·</span> <span class='ocrx_word' id='word_1_25' title='bbox 512 697 614 774; x_wconf 84' lang='lat' dir='ltr'>srtum</span> <span class='ocrx_word' id='word_1_26' title='bbox 633 717 729 774; x_wconf 82' lang='lat' dir='ltr'>onus</span> <span class='ocrx_word' id='word_1_27' title='bbox 750 719 826 768; x_wconf 90' lang='lat' dir='ltr'>non</span> <span class='ocrx_word' id='word_1_28' title='bbox 850 693 899 768; x_wconf 82' lang='lat' dir='ltr'>ita</span> <span class='ocrx_word' id='word_1_29' title='bbox 921 691 1183 776; x_wconf 78' lang='lat' dir='ltr'>formidarunt,</span> <span class='ocrx_word' id='word_1_30' title='bbox 1204 693 1309 788; x_wconf 89' lang='lat' dir='ltr'>quod</span> <span class='ocrx_word' id='word_1_31' title='bbox 1324 692 1477 770; x_wconf 78' lang='lat' dir='ltr'>inumeri</span> <span class='ocrx_word' id='word_1_32' title='bbox 1502 694 1637 774; x_wconf 89' lang='lat' dir='ltr'>Caesaris</span> <span class='ocrx_word' id='word_1_33' title='bbox 1649 698 1693 797; x_wconf 82' lang='lat' dir='ltr'>ju·</span> 
     </span>
     <span class='ocr_line' id='line_1_5' title="bbox 248 782 1694 922; baseline -0.001 -48"><span class='ocrx_word' id='word_1_34' title='bbox 248 797 388 922; x_wconf 49' lang='lat' dir='ltr'>weng:</span> <span class='ocrx_word' id='word_1_35' title='bbox 498 809 599 898; x_wconf 84' lang='lat' dir='ltr'>&#39;gum</span> <span class='ocrx_word' id='word_1_36' title='bbox 619 782 700 873; x_wconf 85' lang='lat' dir='ltr'>non&#39;</span> <span class='ocrx_word' id='word_1_37' title='bbox 715 797 902 878; x_wconf 83' lang='lat' dir='ltr'>sentirent,</span> <span class='ocrx_word' id='word_1_38' title='bbox 925 796 988 890; x_wconf 90' lang='lat' dir='ltr'>qui</span> <span class='ocrx_word' id='word_1_39' title='bbox 1009 793 1170 888; x_wconf 91' lang='lat' dir='ltr'>imperio</span> <span class='ocrx_word' id='word_1_40' title='bbox 1184 791 1306 866; x_wconf 75' lang='lat' dir='ltr'>decerem</span> <span class='ocrx_word' id='word_1_41' title='bbox 1328 815 1390 868; x_wconf 90' lang='lat' dir='ltr'>aut</span> <span class='ocrx_word' id='word_1_42' title='bbox 1411 799 1610 896; x_wconf 82' lang='lat' dir='ltr'>principum</span> <span class='ocrx_word' id='word_1_43' title='bbox 1624 800 1694 874; x_wconf 88' lang='lat' dir='ltr'>auti·</span> 
     </span>
     <span class='ocr_line' id='line_1_6' title="bbox 128 880 1694 1014; baseline 0 -42"><span class='ocrx_word' id='word_1_44' title='bbox 128 979 134 989; x_wconf 58' lang='grc'><em>,</em></span> <span class='ocrx_word' id='word_1_45' title='bbox 247 880 391 1014; x_wconf 47' lang='lat' dir='ltr'>ffieff</span> <span class='ocrx_word' id='word_1_46' title='bbox 512 921 671 996; x_wconf 87' lang='lat' dir='ltr'>quorum</span> <span class='ocrx_word' id='word_1_47' title='bbox 689 897 876 993; x_wconf 90' lang='lat' dir='ltr'>quondam</span> <span class='ocrx_word' id='word_1_48' title='bbox 892 895 994 970; x_wconf 88' lang='lat' dir='ltr'>suere</span> <span class='ocrx_word' id='word_1_49' title='bbox 1010 891 1160 970; x_wconf 84' lang='lat' dir='ltr'>adsueti.</span> <span class='ocrx_word' id='word_1_50' title='bbox 1211 893 1338 991; x_wconf 82' lang='lat' dir='ltr'>Atque</span> <span class='ocrx_word' id='word_1_51' title='bbox 1362 917 1444 970; x_wconf 89' lang='lat' dir='ltr'>cum</span> <span class='ocrx_word' id='word_1_52' title='bbox 1468 895 1694 974; x_wconf 86' lang='lat' dir='ltr'>histurbisio·</span> 
     </span>
     <span class='ocr_line' id='line_1_7' title="bbox 379 993 1696 1096; baseline 0.001 -23"><span class='ocrx_word' id='word_1_53' title='bbox 379 993 388 1014; x_wconf 83' lang='lat'><em>⁰</em></span> <span class='ocrx_word' id='word_1_54' title='bbox 455 1051 459 1058; x_wconf 63' lang='lat'><strong><em>‚</em></strong></span> <span class='ocrx_word' id='word_1_55' title='bbox 512 1001 605 1075; x_wconf 83' lang='lat' dir='ltr'>felix</span> <span class='ocrx_word' id='word_1_56' title='bbox 620 1002 736 1096; x_wconf 82' lang='lat' dir='ltr'>patria</span> <span class='ocrx_word' id='word_1_57' title='bbox 751 1015 811 1072; x_wconf 93' lang='lat' dir='ltr'>tot</span> <span class='ocrx_word' id='word_1_58' title='bbox 827 996 1031 1072; x_wconf 84' lang='lat' dir='ltr'>seculorum</span> <span class='ocrx_word' id='word_1_59' title='bbox 1048 993 1147 1090; x_wconf 91' lang='lat' dir='ltr'>lapsu</span> <span class='ocrx_word' id='word_1_60' title='bbox 1163 998 1328 1078; x_wconf 87' lang='lat' dir='ltr'>certavit,</span> <span class='ocrx_word' id='word_1_61' title='bbox 1342 1013 1383 1070; x_wconf 93' lang='lat' dir='ltr'>ut</span> <span class='ocrx_word' id='word_1_62' title='bbox 1398 999 1539 1074; x_wconf 88' lang='lat' dir='ltr'>nussum</span> <span class='ocrx_word' id='word_1_63' title='bbox 1555 1001 1696 1074; x_wconf 83' lang='lat' dir='ltr'>isteron·</span> 
     </span>
    </p>

    <p class='ocr_par' dir='ltr' id='par_1_3' title="bbox 512 1094 1695 1196">
     <span class='ocr_line' id='line_1_8' title="bbox 512 1094 1695 1196; baseline 0.002 -24"><span class='ocrx_word' id='word_1_64' title='bbox 512 1105 623 1196; x_wconf 75' lang='lat' dir='ltr'>siquos</span> <span class='ocrx_word' id='word_1_65' title='bbox 648 1119 686 1174; x_wconf 86' lang='lat' dir='ltr'>et</span> <span class='ocrx_word' id='word_1_66' title='bbox 708 1119 807 1186; x_wconf 83' lang='lat' dir='ltr'>nonos</span> <span class='ocrx_word' id='word_1_67' title='bbox 828 1099 978 1172; x_wconf 83' lang='lat' dir='ltr'>ordines</span> <span class='ocrx_word' id='word_1_68' title='bbox 1001 1094 1193 1170; x_wconf 85' lang='lat' dir='ltr'>discrimen</span> <span class='ocrx_word' id='word_1_69' title='bbox 1217 1115 1356 1192; x_wconf 83' lang='lat' dir='ltr'>praeter</span> <span class='ocrx_word' id='word_1_70' title='bbox 1378 1119 1495 1171; x_wconf 84' lang='lat' dir='ltr'>nomen</span> <span class='ocrx_word' id='word_1_71' title='bbox 1518 1099 1695 1196; x_wconf 84' lang='lat' dir='ltr'>superesset</span> 
     </span>
    </p>

    <p class='ocr_par' dir='ltr' id='par_1_4' title="bbox 500 1197 1697 1298">
     <span class='ocr_line' id='line_1_9' title="bbox 500 1197 1697 1298; baseline 0.004 -24"><span class='ocrx_word' id='word_1_72' title='bbox 500 1199 686 1277; x_wconf 70' lang='lat' dir='ltr'>¹Tandem</span> <span class='ocrx_word' id='word_1_73' title='bbox 708 1221 784 1295; x_wconf 84' lang='lat' dir='ltr'>quo</span> <span class='ocrx_word' id='word_1_74' title='bbox 800 1197 874 1274; x_wconf 85' lang='lat' dir='ltr'>hoc</span> <span class='ocrx_word' id='word_1_75' title='bbox 889 1218 973 1272; x_wconf 89' lang='lat' dir='ltr'>-non</span> <span class='ocrx_word' id='word_1_76' title='bbox 994 1197 1114 1270; x_wconf 89' lang='lat' dir='ltr'>minus</span> <span class='ocrx_word' id='word_1_77' title='bbox 1140 1219 1188 1272; x_wconf 84' lang='lat' dir='ltr'>ex</span> <span class='ocrx_word' id='word_1_78' title='bbox 1215 1197 1407 1286; x_wconf 79' lang='lat' dir='ltr'>hominurn</span> <span class='ocrx_word' id='word_1_79' title='bbox 1431 1204 1604 1276; x_wconf 88' lang='lat' dir='ltr'>memoris</span> <span class='ocrx_word' id='word_1_80' title='bbox 1618 1205 1697 1298; x_wconf 86' lang='lat' dir='ltr'>deio-</span> 
     </span>
    </p>

    <p class='ocr_par' dir='ltr' id='par_1_5' title="bbox 498 1295 1697 1400">
     <span class='ocr_line' id='line_1_10' title="bbox 498 1295 1697 1400; baseline 0.002 -24"><span class='ocrx_word' id='word_1_81' title='bbox 498 1314 629 1384; x_wconf 76' lang='lat' dir='ltr'>&#39;retun</span> <span class='ocrx_word' id='word_1_82' title='bbox 646 1300 773 1374; x_wconf 71' lang='lat' dir='ltr'>sosium</span> <span class='ocrx_word' id='word_1_83' title='bbox 791 1299 852 1383; x_wconf 90' lang='lat' dir='ltr'>est,</span> <span class='ocrx_word' id='word_1_84' title='bbox 874 1313 916 1376; x_wconf 93' lang='lat' dir='ltr'>ut</span> <span class='ocrx_word' id='word_1_85' title='bbox 938 1295 1098 1372; x_wconf 82' lang='lat' dir='ltr'>Caesares</span> <span class='ocrx_word' id='word_1_86' title='bbox 1117 1298 1152 1372; x_wconf 94' lang='lat' dir='ltr'>id</span> <span class='ocrx_word' id='word_1_87' title='bbox 1171 1315 1333 1396; x_wconf 85' lang='lat' dir='ltr'>agerent,</span> <span class='ocrx_word' id='word_1_88' title='bbox 1359 1321 1437 1393; x_wconf 91' lang='lat' dir='ltr'>quo</span> <span class='ocrx_word' id='word_1_89' title='bbox 1454 1301 1569 1376; x_wconf 69' lang='lat' dir='ltr'>cundi</span> <span class='ocrx_word' id='word_1_90' title='bbox 1586 1307 1697 1400; x_wconf 85' lang='lat' dir='ltr'>aliqun-</span> 
     </span>
    </p>

    <p class='ocr_par' dir='ltr' id='par_1_6' title="bbox 514 1398 1697 1596">
     <span class='ocr_line' id='line_1_11' title="bbox 514 1398 1695 1502; baseline 0 -24"><span class='ocrx_word' id='word_1_91' title='bbox 514 1423 595 1478; x_wconf 92' lang='lat' dir='ltr'>rum</span> <span class='ocrx_word' id='word_1_92' title='bbox 612 1419 751 1476; x_wconf 90' lang='lat' dir='ltr'>tantum</span> <span class='ocrx_word' id='word_1_93' title='bbox 768 1402 900 1480; x_wconf 90' lang='lat' dir='ltr'>virium</span> <span class='ocrx_word' id='word_1_94' title='bbox 919 1402 1049 1474; x_wconf 84' lang='lat' dir='ltr'>comites</span> <span class='ocrx_word' id='word_1_95' title='bbox 1062 1419 1200 1472; x_wconf 91' lang='lat' dir='ltr'>nomen</span> <span class='ocrx_word' id='word_1_96' title='bbox 1221 1398 1320 1472; x_wconf 90' lang='lat' dir='ltr'>suum</span> <span class='ocrx_word' id='word_1_97' title='bbox 1331 1420 1411 1474; x_wconf 90' lang='lat' dir='ltr'>cum</span> <span class='ocrx_word' id='word_1_98' title='bbox 1422 1405 1592 1502; x_wconf 82' lang='lat' dir='ltr'>principis</span> <span class='ocrx_word' id='word_1_99' title='bbox 1603 1404 1695 1480; x_wconf 85' lang='lat' dir='ltr'>verbo</span> 
     </span>
     <span class='ocr_line' id='line_1_12' title="bbox 515 1499 1697 1596; baseline 0 -18"><span class='ocrx_word' id='word_1_100' title='bbox 515 1521 799 1579; x_wconf 84' lang='lat' dir='ltr'>commutarent.</span> <span class='ocrx_word' id='word_1_101' title='bbox 849 1501 1049 1584; x_wconf 87' lang='lat' dir='ltr'>Nummos,</span> <span class='ocrx_word' id='word_1_102' title='bbox 1065 1501 1233 1596; x_wconf 84' lang='lat' dir='ltr'>gratiam,</span> <span class='ocrx_word' id='word_1_103' title='bbox 1250 1499 1454 1594; x_wconf 82' lang='lat' dir='ltr'>iidemque,</span> <span class='ocrx_word' id='word_1_104' title='bbox 1478 1500 1642 1582; x_wconf 83' lang='lat' dir='ltr'>Caesareae</span> <span class='ocrx_word' id='word_1_105' title='bbox 1658 1505 1697 1578; x_wconf 73' lang='lat' dir='ltr'>sa·-</span> 
     </span>
    </p>

    <p class='ocr_par' dir='ltr' id='par_1_7' title="bbox 517 1601 1697 1703">
     <span class='ocr_line' id='line_1_13' title="bbox 517 1601 1697 1703; baseline 0.004 -26"><span class='ocrx_word' id='word_1_106' title='bbox 517 1607 631 1680; x_wconf 88' lang='lat' dir='ltr'>miliae</span> <span class='ocrx_word' id='word_1_107' title='bbox 643 1621 826 1703; x_wconf 76' lang='lat' dir='ltr'>perpetuo</span> <span class='ocrx_word' id='word_1_108' title='bbox 843 1601 1032 1683; x_wconf 69' lang='lat' dir='ltr'>addisiam,</span> <span class='ocrx_word' id='word_1_109' title='bbox 1049 1603 1237 1674; x_wconf 82' lang='lat' dir='ltr'>tuleroaut</span> <span class='ocrx_word' id='word_1_110' title='bbox 1254 1602 1555 1696; x_wconf 81' lang='lat' dir='ltr'>etiamposiusate</span> <span class='ocrx_word' id='word_1_111' title='bbox 1570 1613 1697 1702; x_wconf 86' lang='lat' dir='ltr'>promo·</span> 
     </span>
    </p>

    <p class='ocr_par' dir='ltr' id='par_1_8' title="bbox 481 1697 1696 1800">
     <span class='ocr_line' id='line_1_14' title="bbox 481 1697 1696 1800; baseline 0.001 -24"><span class='ocrx_word' id='word_1_112' title='bbox 481 1768 486 1776; x_wconf 84' lang='grc'><em>,</em></span> <span class='ocrx_word' id='word_1_113' title='bbox 515 1723 620 1778; x_wconf 86' lang='lat' dir='ltr'>tores</span> <span class='ocrx_word' id='word_1_114' title='bbox 647 1699 888 1800; x_wconf 73' lang='lat' dir='ltr'>ascensoribus</span> <span class='ocrx_word' id='word_1_115' title='bbox 895 1724 910 1784; x_wconf 88' lang='lat'>,·</span> <span class='ocrx_word' id='word_1_116' title='bbox 934 1701 992 1774; x_wconf 86' lang='lat' dir='ltr'>sed</span> <span class='ocrx_word' id='word_1_117' title='bbox 1011 1699 1225 1798; x_wconf 83' lang='lat' dir='ltr'>Eccscstnstc&#39;ci</span> <span class='ocrx_word' id='word_1_118' title='bbox 1240 1697 1374 1798; x_wconf 73' lang='lat' dir='ltr'>ordines</span> <span class='ocrx_word' id='word_1_119' title='bbox 1389 1702 1454 1778; x_wconf 92' lang='lat' dir='ltr'>suo</span> <span class='ocrx_word' id='word_1_120' title='bbox 1469 1705 1696 1792; x_wconf 68' lang='lat' dir='ltr'>arbitriumve</span> 
     </span>
    </p>

    <p class='ocr_par' dir='ltr' id='par_1_9' title="bbox 247 1793 1696 2307">
     <span class='ocr_line' id='line_1_15' title="bbox 249 1793 1695 1922; baseline -0.001 -43"><span class='ocrx_word' id='word_1_121' title='bbox 249 1836 395 1922; x_wconf 84' lang='lat' dir='ltr'>Episcopi</span> <span class='ocrx_word' id='word_1_122' title='bbox 516 1801 687 1886; x_wconf 73' lang='lat' dir='ltr'>Caesaris,</span> <span class='ocrx_word' id='word_1_123' title='bbox 714 1806 912 1902; x_wconf 72' lang='lat' dir='ltr'>principum</span> <span class='ocrx_word' id='word_1_124' title='bbox 937 1801 996 1874; x_wconf 78' lang='lat' dir='ltr'>sabi</span> <span class='ocrx_word' id='word_1_125' title='bbox 1022 1793 1171 1876; x_wconf 83' lang='lat' dir='ltr'>uomina</span> <span class='ocrx_word' id='word_1_126' title='bbox 1195 1819 1421 1898; x_wconf 81' lang='lat' dir='ltr'>arrogarunt.</span> <span class='ocrx_word' id='word_1_127' title='bbox 1480 1803 1574 1880; x_wconf 87' lang='lat' dir='ltr'>Nam</span> <span class='ocrx_word' id='word_1_128' title='bbox 1593 1823 1695 1882; x_wconf 77' lang='lat' dir='ltr'>extant</span> 
     </span>
     <span class='ocr_line' id='line_1_16' title="bbox 273 1899 1695 2004; baseline -0.001 -27"><span class='ocrx_word' id='word_1_129' title='bbox 273 1947 312 1986; x_wconf 87' lang='lat' dir='ltr'>uo</span> <span class='ocrx_word' id='word_1_130' title='bbox 331 1925 395 1998; x_wconf 69' lang='lat' dir='ltr'>,ure</span> <span class='ocrx_word' id='word_1_131' title='bbox 517 1907 668 1996; x_wconf 83' lang='lat' dir='ltr'>quidem</span> <span class='ocrx_word' id='word_1_132' title='bbox 685 1906 889 2000; x_wconf 80' lang='lat' dir='ltr'>diplomata</span> <span class='ocrx_word' id='word_1_133' title='bbox 905 1899 1100 1984; x_wconf 87' lang='lat' dir='ltr'>Caesarum,</span> <span class='ocrx_word' id='word_1_134' title='bbox 1117 1901 1524 2004; x_wconf 78' lang='lat' dir='ltr'>quibusLun·cnrbnrgi;</span> <span class='ocrx_word' id='word_1_135' title='bbox 1536 1904 1695 2004; x_wconf 83' lang='lat' dir='ltr'>Hossotic;</span> 
     </span>
     <span class='ocr_line' id='line_1_17' title="bbox 249 1948 1696 2108; baseline 0.006 -36"><span class='ocrx_word' id='word_1_136' title='bbox 249 1948 389 2074; x_wconf 65' lang='lat' dir='ltr'>irrentus</span> <span class='ocrx_word' id='word_1_137' title='bbox 514 2001 807 2108; x_wconf 73' lang='lat' dir='ltr'>Wnrtenbcrgoe5</span> <span class='ocrx_word' id='word_1_138' title='bbox 839 2003 975 2096; x_wconf 86' lang='lat' dir='ltr'>nsiique</span> <span class='ocrx_word' id='word_1_139' title='bbox 1006 2003 1164 2076; x_wconf 84' lang='lat' dir='ltr'>comites</span> <span class='ocrx_word' id='word_1_140' title='bbox 1196 2003 1241 2076; x_wconf 88' lang='lat' dir='ltr'>ad</span> <span class='ocrx_word' id='word_1_141' title='bbox 1270 2005 1478 2102; x_wconf 84' lang='lat' dir='ltr'>principum</span> <span class='ocrx_word' id='word_1_142' title='bbox 1508 2008 1696 2105; x_wconf 87' lang='lat' dir='ltr'>dignitatem</span> 
     </span>
     <span class='ocr_line' id='line_1_18' title="bbox 247 2099 1696 2200; baseline -0.001 -20"><span class='ocrx_word' id='word_1_143' title='bbox 247 2099 371 2180; x_wconf 66' lang='lat' dir='ltr'>srim‘s·</span> <span class='ocrx_word' id='word_1_144' title='bbox 516 2103 633 2181; x_wconf 66' lang='lat' dir='ltr'>evecti</span> <span class='ocrx_word' id='word_1_145' title='bbox 655 2105 754 2180; x_wconf 87' lang='lat' dir='ltr'>sunt:</span> <span class='ocrx_word' id='word_1_146' title='bbox 796 2103 857 2178; x_wconf 88' lang='lat' dir='ltr'>sed</span> <span class='ocrx_word' id='word_1_147' title='bbox 879 2103 1023 2176; x_wconf 85' lang='lat' dir='ltr'>antistes</span> <span class='ocrx_word' id='word_1_148' title='bbox 1044 2099 1342 2200; x_wconf 77' lang='lat' dir='ltr'>Wunabuegcnsts</span> <span class='ocrx_word' id='word_1_149' title='bbox 1368 2104 1404 2178; x_wconf 90' lang='lat' dir='ltr'>se</span> <span class='ocrx_word' id='word_1_150' title='bbox 1433 2107 1563 2184; x_wconf 85' lang='lat' dir='ltr'>ducem</span> <span class='ocrx_word' id='word_1_151' title='bbox 1584 2108 1696 2192; x_wconf 78' lang='lat' dir='ltr'>scribin</span> 
     </span>
     <span class='ocr_line' id='line_1_19' title="bbox 515 2200 1696 2307; baseline -0.003 -25"><span class='ocrx_word' id='word_1_152' title='bbox 515 2203 772 2307; x_wconf 66' lang='lat' dir='ltr'>Cotyiontietfis</span> <span class='ocrx_word' id='word_1_153' title='bbox 786 2200 1019 2300; x_wconf 73' lang='lat' dir='ltr'>etLeodinfis</span> <span class='ocrx_word' id='word_1_154' title='bbox 1034 2204 1376 2300; x_wconf 85' lang='lat' dir='ltr'>principesimperii</span> <span class='ocrx_word' id='word_1_155' title='bbox 1390 2206 1624 2302; x_wconf 79' lang='lat' dir='ltr'>adpellantur,</span> <span class='ocrx_word' id='word_1_156' title='bbox 1635 2209 1696 2281; x_wconf 89' lang='lat' dir='ltr'>nul-</span> 
     </span>
    </p>

    <p class='ocr_par' dir='ltr' id='par_1_10' title="bbox 515 2301 1696 2406">
     <span class='ocr_line' id='line_1_20' title="bbox 515 2301 1696 2406; baseline -0.003 -22"><span class='ocrx_word' id='word_1_157' title='bbox 515 2309 549 2384; x_wconf 87' lang='lat' dir='ltr'>ia</span> <span class='ocrx_word' id='word_1_158' title='bbox 565 2307 794 2406; x_wconf 86' lang='lat' dir='ltr'>induigentia</span> <span class='ocrx_word' id='word_1_159' title='bbox 813 2307 1090 2402; x_wconf 86' lang='lat' dir='ltr'>imperatorum.</span> <span class='ocrx_word' id='word_1_160' title='bbox 1142 2301 1392 2402; x_wconf 83' lang='lat' dir='ltr'>Nugcsenim,</span> <span class='ocrx_word' id='word_1_161' title='bbox 1409 2327 1498 2399; x_wconf 84' lang='lat' dir='ltr'>quas</span> <span class='ocrx_word' id='word_1_162' title='bbox 1514 2309 1696 2406; x_wconf 87' lang='lat' dir='ltr'>impruden·</span> 
     </span>
    </p>

    <p class='ocr_par' dir='ltr' id='par_1_11' title="bbox 463 2403 1757 3112">
     <span class='ocr_line' id='line_1_21' title="bbox 463 2403 1696 2502; baseline -0.002 -20"><span class='ocrx_word' id='word_1_163' title='bbox 463 2407 471 2416; x_wconf 77' lang='grc'><em>“</em></span> <span class='ocrx_word' id='word_1_164' title='bbox 515 2407 673 2482; x_wconf 82' lang='lat' dir='ltr'>tionibus</span> <span class='ocrx_word' id='word_1_165' title='bbox 691 2409 871 2490; x_wconf 87' lang='lat' dir='ltr'>vendunt,</span> <span class='ocrx_word' id='word_1_166' title='bbox 892 2425 1013 2480; x_wconf 87' lang='lat' dir='ltr'>rerum</span> <span class='ocrx_word' id='word_1_167' title='bbox 1029 2405 1131 2502; x_wconf 83' lang='lat' dir='ltr'>gnati</span> <span class='ocrx_word' id='word_1_168' title='bbox 1147 2403 1360 2500; x_wconf 88' lang='lat' dir='ltr'>spernimus.</span> <span class='ocrx_word' id='word_1_169' title='bbox 1412 2405 1513 2494; x_wconf 82' lang='lat' dir='ltr'>Quae</span> <span class='ocrx_word' id='word_1_170' title='bbox 1538 2428 1696 2485; x_wconf 88' lang='lat' dir='ltr'>novorum</span> 
     </span>
     <span class='ocr_line' id='line_1_22' title="bbox 515 2503 1696 2606; baseline -0.002 -24"><span class='ocrx_word' id='word_1_171' title='bbox 515 2511 708 2582; x_wconf 88' lang='lat' dir='ltr'>nominum</span> <span class='ocrx_word' id='word_1_172' title='bbox 725 2507 932 2606; x_wconf 81' lang='lat' dir='ltr'>arrogantia</span> <span class='ocrx_word' id='word_1_173' title='bbox 948 2525 1071 2579; x_wconf 89' lang='lat' dir='ltr'>utrum</span> <span class='ocrx_word' id='word_1_174' title='bbox 1089 2503 1269 2602; x_wconf 84' lang='lat' dir='ltr'>superbiae</span> <span class='ocrx_word' id='word_1_175' title='bbox 1284 2505 1366 2580; x_wconf 86' lang='lat' dir='ltr'>sacri</span> <span class='ocrx_word' id='word_1_176' title='bbox 1384 2509 1528 2582; x_wconf 90' lang='lat' dir='ltr'>ordinis</span> <span class='ocrx_word' id='word_1_177' title='bbox 1546 2509 1585 2586; x_wconf 89' lang='lat' dir='ltr'>sit</span> <span class='ocrx_word' id='word_1_178' title='bbox 1603 2509 1696 2584; x_wconf 88' lang='lat' dir='ltr'>tribu-</span> 
     </span>
     <span class='ocr_line' id='line_1_23' title="bbox 514 2605 1696 2709; baseline -0.004 -25"><span class='ocrx_word' id='word_1_179' title='bbox 514 2609 629 2692; x_wconf 83' lang='lat' dir='ltr'>enda,</span> <span class='ocrx_word' id='word_1_180' title='bbox 644 2610 705 2704; x_wconf 90' lang='lat' dir='ltr'>qui</span> <span class='ocrx_word' id='word_1_181' title='bbox 722 2607 816 2682; x_wconf 89' lang='lat' dir='ltr'>suam</span> <span class='ocrx_word' id='word_1_182' title='bbox 832 2606 1009 2704; x_wconf 87' lang='lat' dir='ltr'>principis</span> <span class='ocrx_word' id='word_1_183' title='bbox 1025 2605 1195 2702; x_wconf 84' lang='lat' dir='ltr'>dignitati</span> <span class='ocrx_word' id='word_1_184' title='bbox 1205 2609 1391 2702; x_wconf 83' lang='lat' dir='ltr'>praetusit:</span> <span class='ocrx_word' id='word_1_185' title='bbox 1417 2610 1479 2684; x_wconf 88' lang='lat' dir='ltr'>vel</span> <span class='ocrx_word' id='word_1_186' title='bbox 1496 2607 1648 2709; x_wconf 82' lang='lat' dir='ltr'>singulari</span> <span class='ocrx_word' id='word_1_187' title='bbox 1657 2606 1696 2707; x_wconf 86' lang='lat' dir='ltr'>ju·</span> 
     </span>
     <span class='ocr_line' id='line_1_24' title="bbox 510 2697 1695 2812; baseline -0.007 -28"><span class='ocrx_word' id='word_1_188' title='bbox 510 2709 567 2784; x_wconf 74' lang='lat' dir='ltr'>&#39;cis</span> <span class='ocrx_word' id='word_1_189' title='bbox 583 2707 755 2793; x_wconf 82' lang='lat' dir='ltr'>scientiae,</span> <span class='ocrx_word' id='word_1_190' title='bbox 773 2731 856 2803; x_wconf 89' lang='lat' dir='ltr'>qua,</span> <span class='ocrx_word' id='word_1_191' title='bbox 880 2729 999 2782; x_wconf 87' lang='lat' dir='ltr'>rerum</span> <span class='ocrx_word' id='word_1_192' title='bbox 1020 2707 1191 2780; x_wconf 89' lang='lat' dir='ltr'>dominio</span> <span class='ocrx_word' id='word_1_193' title='bbox 1215 2697 1410 2800; x_wconf 79' lang='lat' dir='ltr'>acquisto,</span> <span class='ocrx_word' id='word_1_194' title='bbox 1432 2707 1468 2783; x_wconf 88' lang='lat' dir='ltr'>id</span> <span class='ocrx_word' id='word_1_195' title='bbox 1497 2711 1547 2786; x_wconf 87' lang='lat' dir='ltr'>est</span> <span class='ocrx_word' id='word_1_196' title='bbox 1554 2709 1695 2812; x_wconf 84' lang='lat' dir='ltr'>principis</span> 
     </span>
     <span class='ocr_line' id='line_1_25' title="bbox 518 2807 1692 2906; baseline -0.004 -23"><span class='ocrx_word' id='word_1_197' title='bbox 518 2807 709 2883; x_wconf 86' lang='lat' dir='ltr'>consecuta</span> <span class='ocrx_word' id='word_1_198' title='bbox 726 2810 921 2904; x_wconf 78' lang='lat' dir='ltr'>potestate,</span> <span class='ocrx_word' id='word_1_199' title='bbox 935 2809 1108 2906; x_wconf 79' lang='lat' dir='ltr'>principis</span> <span class='ocrx_word' id='word_1_200' title='bbox 1131 2807 1218 2880; x_wconf 84' lang='lat' dir='ltr'>etim</span> <span class='ocrx_word' id='word_1_201' title='bbox 1238 2810 1369 2878; x_wconf 80' lang='lat' dir='ltr'>nuntior</span> <span class='ocrx_word' id='word_1_202' title='bbox 1395 2810 1448 2884; x_wconf 89' lang='lat' dir='ltr'>uti</span> <span class='ocrx_word' id='word_1_203' title='bbox 1464 2810 1579 2900; x_wconf 41' lang='lat' dir='ltr'>,licere</span> <span class='ocrx_word' id='word_1_204' title='bbox 1598 2828 1692 2906; x_wconf 87' lang='lat' dir='ltr'>neque</span> 
     </span>
     <span class='ocr_line' id='line_1_26' title="bbox 518 2903 1757 3006; baseline -0.002 -24"><span class='ocrx_word' id='word_1_205' title='bbox 518 2929 623 2982; x_wconf 86' lang='lat' dir='ltr'>novo</span> <span class='ocrx_word' id='word_1_206' title='bbox 642 2905 791 2980; x_wconf 83' lang='lat' dir='ltr'>Caesaris</span> <span class='ocrx_word' id='word_1_207' title='bbox 806 2906 988 2982; x_wconf 81' lang='lat' dir='ltr'>beneficio</span> <span class='ocrx_word' id='word_1_208' title='bbox 1006 2928 1102 3002; x_wconf 89' lang='lat' dir='ltr'>opus</span> <span class='ocrx_word' id='word_1_209' title='bbox 1117 2907 1198 2992; x_wconf 90' lang='lat' dir='ltr'>esse,</span> <span class='ocrx_word' id='word_1_210' title='bbox 1214 2903 1295 2981; x_wconf 90' lang='lat' dir='ltr'>sunt</span> <span class='ocrx_word' id='word_1_211' title='bbox 1306 2907 1473 2983; x_wconf 83' lang='lat' dir='ltr'>arbitrati.</span> <span class='ocrx_word' id='word_1_212' title='bbox 1522 2909 1619 2986; x_wconf 80' lang='lat' dir='ltr'>Issum</span> <span class='ocrx_word' id='word_1_213' title='bbox 1633 2907 1690 3006; x_wconf 84' lang='lat' dir='ltr'>opi·</span> <span class='ocrx_word' id='word_1_214' title='bbox 1756 2957 1757 2980; x_wconf 76' lang='lat'>.</span> 
     </span>
     <span class='ocr_line' id='line_1_27' title="bbox 519 3004 1757 3112; baseline -0.003 -31"><span class='ocrx_word' id='word_1_215' title='bbox 519 3009 671 3081; x_wconf 90' lang='lat' dir='ltr'>niunem</span> <span class='ocrx_word' id='word_1_216' title='bbox 688 3006 837 3105; x_wconf 81' lang='lat' dir='ltr'>Angliae</span> <span class='ocrx_word' id='word_1_217' title='bbox 853 3010 949 3106; x_wconf 85' lang='lat' dir='ltr'>regis</span> <span class='ocrx_word' id='word_1_218' title='bbox 970 3004 1299 3106; x_wconf 85' lang='lat' dir='ltr'>judiciumsirmat,</span> <span class='ocrx_word' id='word_1_219' title='bbox 1321 3030 1399 3104; x_wconf 90' lang='lat' dir='ltr'>quo</span> <span class='ocrx_word' id='word_1_220' title='bbox 1421 3010 1498 3106; x_wconf 83' lang='lat' dir='ltr'>ipse</span> <span class='ocrx_word' id='word_1_221' title='bbox 1519 3009 1694 3112; x_wconf 81' lang='lat' dir='ltr'>Episcopum</span> <span class='ocrx_word' id='word_1_222' title='bbox 1753 3017 1757 3098; x_wconf 66' lang='lat' dir='ltr'>s</span> 
     </span>
    </p>

    <p class='ocr_par' dir='ltr' id='par_1_12' title="bbox 400 3105 1704 4186">
     <span class='ocr_line' id='line_1_28' title="bbox 400 3105 1696 3212; baseline -0.002 -32"><span class='ocrx_word' id='word_1_223' title='bbox 400 3157 403 3164; x_wconf 79' lang='lat'>.</span> <span class='ocrx_word' id='word_1_224' title='bbox 520 3105 672 3189; x_wconf 83' lang='lat' dir='ltr'>dimisit,</span> <span class='ocrx_word' id='word_1_225' title='bbox 698 3110 761 3202; x_wconf 89' lang='lat' dir='ltr'>qui</span> <span class='ocrx_word' id='word_1_226' title='bbox 790 3111 920 3180; x_wconf 84' lang='lat' dir='ltr'>comitis</span> <span class='ocrx_word' id='word_1_227' title='bbox 946 3109 1164 3204; x_wconf 74' lang='lat' dir='ltr'>dignitatem</span> <span class='ocrx_word' id='word_1_228' title='bbox 1194 3107 1414 3184; x_wconf 84' lang='lat' dir='ltr'>ambiverat:</span> <span class='ocrx_word' id='word_1_229' title='bbox 1448 3107 1696 3212; x_wconf 73' lang='lat' dir='ltr'>pulchrcsopi13</span> 
     </span>
     <span class='ocr_line' id='line_1_29' title="bbox 517 3203 1696 3308; baseline 0 -30"><span class='ocrx_word' id='word_1_230' title='bbox 517 3227 638 3278; x_wconf 84' lang='lat' dir='ltr'>noortnt</span> <span class='ocrx_word' id='word_1_231' title='bbox 653 3209 800 3280; x_wconf 84' lang='lat' dir='ltr'>comitem</span> <span class='ocrx_word' id='word_1_232' title='bbox 814 3205 943 3305; x_wconf 76' lang='lat' dir='ltr'>reforio</span> <span class='ocrx_word' id='word_1_233' title='bbox 958 3231 1004 3280; x_wconf 82' lang='lat' dir='ltr'>ex</span> <span class='ocrx_word' id='word_1_234' title='bbox 1015 3203 1184 3308; x_wconf 84' lang='lat' dir='ltr'>Episcopo</span> <span class='ocrx_word' id='word_1_235' title='bbox 1192 3225 1355 3284; x_wconf 70' lang='lat' dir='ltr'>vernoun.</span> <span class='ocrx_word' id='word_1_236' title='bbox 1403 3207 1545 3286; x_wconf 87' lang='lat' dir='ltr'>Locum</span> <span class='ocrx_word' id='word_1_237' title='bbox 1556 3213 1696 3288; x_wconf 88' lang='lat' dir='ltr'>dedimus</span> 
     </span>
     <span class='ocr_line' id='line_1_30' title="bbox 519 3303 1697 3407; baseline 0.002 -27"><span class='ocrx_word' id='word_1_238' title='bbox 519 3308 555 3380; x_wconf 90' lang='lat' dir='ltr'>in</span> <span class='ocrx_word' id='word_1_239' title='bbox 573 3311 660 3378; x_wconf 85' lang='lat' dir='ltr'>notis</span> <span class='ocrx_word' id='word_1_240' title='bbox 674 3307 721 3380; x_wconf 85' lang='lat' dir='ltr'>od</span> <span class='ocrx_word' id='word_1_241' title='bbox 733 3305 992 3404; x_wconf 77' lang='lat' dir='ltr'>Pesendorfium</span> <span class='ocrx_word' id='word_1_242' title='bbox 1007 3329 1081 3407; x_wconf 83' lang='lat' dir='ltr'>cop.</span> <span class='ocrx_word' id='word_1_243' title='bbox 1095 3303 1165 3387; x_wconf 86' lang='lat' dir='ltr'>IV.</span> <span class='ocrx_word' id='word_1_244' title='bbox 1175 3331 1215 3407; x_wconf 80' lang='lat' dir='ltr'>p.</span> <span class='ocrx_word' id='word_1_245' title='bbox 1229 3325 1313 3394; x_wconf 82' lang='lat'>270.</span> <span class='ocrx_word' id='word_1_246' title='bbox 1363 3307 1466 3384; x_wconf 84' lang='lat' dir='ltr'>Hanc</span> <span class='ocrx_word' id='word_1_247' title='bbox 1490 3335 1578 3388; x_wconf 88' lang='lat' dir='ltr'>vero</span> <span class='ocrx_word' id='word_1_248' title='bbox 1593 3331 1697 3388; x_wconf 80' lang='lat' dir='ltr'>exem·</span> 
     </span>
     <span class='ocr_line' id='line_1_31' title="bbox 519 3407 1696 3510; baseline 0.003 -31"><span class='ocrx_word' id='word_1_249' title='bbox 519 3410 580 3504; x_wconf 83' lang='lat' dir='ltr'>pia</span> <span class='ocrx_word' id='word_1_250' title='bbox 596 3407 764 3484; x_wconf 87' lang='lat' dir='ltr'>sustinent</span> <span class='ocrx_word' id='word_1_251' title='bbox 786 3408 1020 3484; x_wconf 84' lang='lat' dir='ltr'>Ecclefiarum</span> <span class='ocrx_word' id='word_1_252' title='bbox 1038 3409 1249 3495; x_wconf 85' lang='lat' dir='ltr'>antistitum,</span> <span class='ocrx_word' id='word_1_253' title='bbox 1266 3408 1326 3506; x_wconf 89' lang='lat' dir='ltr'>qui</span> <span class='ocrx_word' id='word_1_254' title='bbox 1337 3414 1512 3510; x_wconf 81' lang='lat' dir='ltr'>principis</span> <span class='ocrx_word' id='word_1_255' title='bbox 1527 3415 1630 3488; x_wconf 80' lang='lat' dir='ltr'>uerbo</span> <span class='ocrx_word' id='word_1_256' title='bbox 1644 3409 1696 3482; x_wconf 91' lang='lat' dir='ltr'>ho·</span> 
     </span>
     <span class='ocr_line' id='line_1_32' title="bbox 518 3507 1697 3609; baseline -0.003 -27"><span class='ocrx_word' id='word_1_257' title='bbox 518 3509 670 3582; x_wconf 87' lang='lat' dir='ltr'>dienum</span> <span class='ocrx_word' id='word_1_258' title='bbox 684 3510 843 3604; x_wconf 82' lang='lat' dir='ltr'>gestiunt</span> <span class='ocrx_word' id='word_1_259' title='bbox 857 3507 1055 3602; x_wconf 86' lang='lat' dir='ltr'>superbire.</span> <span class='ocrx_word' id='word_1_260' title='bbox 1104 3507 1147 3584; x_wconf 93' lang='lat' dir='ltr'>Id</span> <span class='ocrx_word' id='word_1_261' title='bbox 1163 3511 1272 3583; x_wconf 90' lang='lat' dir='ltr'>etiam</span> <span class='ocrx_word' id='word_1_262' title='bbox 1287 3513 1452 3608; x_wconf 81' lang='lat' dir='ltr'>reperio,</span> <span class='ocrx_word' id='word_1_263' title='bbox 1468 3533 1550 3588; x_wconf 90' lang='lat' dir='ltr'>ante</span> <span class='ocrx_word' id='word_1_264' title='bbox 1566 3527 1697 3609; x_wconf 86' lang='lat' dir='ltr'>quatuor</span> 
     </span>
     <span class='ocr_line' id='line_1_33' title="bbox 516 3605 1704 3712; baseline -0.002 -34"><span class='ocrx_word' id='word_1_265' title='bbox 516 3605 588 3707; x_wconf 75' lang='lat' dir='ltr'>jam</span> <span class='ocrx_word' id='word_1_266' title='bbox 606 3605 724 3682; x_wconf 87' lang='lat' dir='ltr'>secula</span> <span class='ocrx_word' id='word_1_267' title='bbox 742 3606 1071 3708; x_wconf 68' lang='lat' dir='ltr'>Mogcsehnrgnfim</span> <span class='ocrx_word' id='word_1_268' title='bbox 1087 3605 1425 3706; x_wconf 82' lang='lat' dir='ltr'>Arcsu&#39;cpiscopocnrn</span> <span class='ocrx_word' id='word_1_269' title='bbox 1434 3612 1704 3712; x_wconf 49' lang='lat' dir='ltr'>principantem,</span> 
     </span>
     <span class='ocr_line' id='line_1_34' title="bbox 512 3699 1698 3808; baseline -0.002 -30"><span class='ocrx_word' id='word_1_270' title='bbox 512 3709 607 3808; x_wconf 83' lang='lat' dir='ltr'>perii</span> <span class='ocrx_word' id='word_1_271' title='bbox 625 3708 775 3783; x_wconf 85' lang='lat' dir='ltr'>nomine</span> <span class='ocrx_word' id='word_1_272' title='bbox 791 3709 880 3792; x_wconf 74' lang='lat' dir='ltr'>cinti</span> <span class='ocrx_word' id='word_1_273' title='bbox 894 3699 1295 3804; x_wconf 54' lang='lat' dir='ltr'>ffitimstsslitsstnsbwns</span> <span class='ocrx_word' id='word_1_274' title='bbox 1319 3705 1493 3784; x_wconf 82' lang='lat' dir='ltr'>Caesareis</span> <span class='ocrx_word' id='word_1_275' title='bbox 1517 3705 1698 3808; x_wconf 79' lang='lat' dir='ltr'>diplomati·</span> 
     </span>
     <span class='ocr_line' id='line_1_35' title="bbox 497 3803 1697 3908; baseline -0.004 -25"><span class='ocrx_word' id='word_1_276' title='bbox 497 3807 586 3890; x_wconf 68' lang='lat' dir='ltr'>‚bus</span> <span class='ocrx_word' id='word_1_277' title='bbox 601 3805 747 3884; x_wconf 82' lang='lat' dir='ltr'>venisse.</span> <span class='ocrx_word' id='word_1_278' title='bbox 797 3807 961 3886; x_wconf 88' lang='lat' dir='ltr'>Utadeo</span> <span class='ocrx_word' id='word_1_279' title='bbox 976 3806 1038 3884; x_wconf 93' lang='lat' dir='ltr'><em>W</em></span> <span class='ocrx_word' id='word_1_280' title='bbox 1033 3805 1256 3908; x_wconf 78' lang='lat' dir='ltr'>nrzhurgcnst</span> <span class='ocrx_word' id='word_1_281' title='bbox 1277 3809 1429 3894; x_wconf 87' lang='lat' dir='ltr'>nonsit,</span> <span class='ocrx_word' id='word_1_282' title='bbox 1451 3809 1488 3882; x_wconf 89' lang='lat' dir='ltr'>in</span> <span class='ocrx_word' id='word_1_283' title='bbox 1508 3811 1576 3886; x_wconf 91' lang='lat' dir='ltr'>hnc</span> <span class='ocrx_word' id='word_1_284' title='bbox 1599 3803 1697 3884; x_wconf 87' lang='lat' dir='ltr'>nomi·</span> 
     </span>
     <span class='ocr_line' id='line_1_36' title="bbox 517 3901 1696 4012; baseline -0.004 -32"><span class='ocrx_word' id='word_1_285' title='bbox 517 3909 644 3980; x_wconf 89' lang='lat' dir='ltr'>nevel</span> <span class='ocrx_word' id='word_1_286' title='bbox 668 3911 949 4006; x_wconf 77' lang='lat' dir='ltr'>praerogativnm</span> <span class='ocrx_word' id='word_1_287' title='bbox 976 3929 1157 4002; x_wconf 86' lang='lat' dir='ltr'>qoaerere,</span> <span class='ocrx_word' id='word_1_288' title='bbox 1182 3909 1246 3983; x_wconf 83' lang='lat' dir='ltr'>vet</span> <span class='ocrx_word' id='word_1_289' title='bbox 1265 3908 1303 3984; x_wconf 91' lang='lat' dir='ltr'>id</span> <span class='ocrx_word' id='word_1_290' title='bbox 1326 3926 1430 3984; x_wconf 82' lang='lat' dir='ltr'>extra</span> <span class='ocrx_word' id='word_1_291' title='bbox 1447 3906 1641 4012; x_wconf 83' lang='lat' dir='ltr'>episcopans</span> <span class='ocrx_word' id='word_1_292' title='bbox 1656 3901 1696 3977; x_wconf 83' lang='lat' dir='ltr'>sus</span> 
     </span>
     <span class='ocr_line' id='line_1_37' title="bbox 517 4001 1696 4116; baseline 0.005 -34"><span class='ocrx_word' id='word_1_293' title='bbox 517 4009 701 4107; x_wconf 69' lang='lat' dir='ltr'>pomoeria</span> <span class='ocrx_word' id='word_1_294' title='bbox 717 4009 1038 4108; x_wconf 85' lang='lat' dir='ltr'>extensumvelle.</span> <span class='ocrx_word' id='word_1_295' title='bbox 1071 4001 1118 4084; x_wconf 89' lang='lat' dir='ltr'>Et</span> <span class='ocrx_word' id='word_1_296' title='bbox 1130 4008 1225 4095; x_wconf 86' lang='lat' dir='ltr'>sane,</span> <span class='ocrx_word' id='word_1_297' title='bbox 1241 4007 1696 4116; x_wconf 80' lang='lat' dir='ltr'>quoddnobusverbismo·</span> 
     </span>
     <span class='ocr_line' id='line_1_38' title="bbox 543 4123 1696 4186; baseline 0.004 -5"><span class='ocrx_word' id='word_1_298' title='bbox 543 4143 546 4152; x_wconf 53' lang='lat'>¹</span> <span class='ocrx_word' id='word_1_299' title='bbox 1622 4123 1696 4186; x_wconf 73' lang='lat' dir='ltr'>ns⁰r</span> 
     </span>
    </p>
   </div>
   <div class='ocr_carea' id='block_1_3' title="bbox 0 0 1776 4682">
    <p class='ocr_par' dir='ltr' id='par_1_13' title="bbox 0 0 1776 4682">
     <span class='ocr_line' id='line_1_39' title="bbox 0 0 1776 4682; baseline 0 0"><span class='ocrx_word' id='word_1_300' title='bbox 0 0 1776 4682; x_wconf 95' lang='lat' dir='ltr'> </span> 
     </span>
    </p>
   </div>
  </div>
 </body>
</html>
