3566 4682
303 279 452 410 “aab
526 339 596 354 ==
841 279 1192 398 seroces
1353 283 1364 327 ’·

275 549 297 568 ,.
364 489 475 578 aliter
491 483 644 576 sentire:
670 478 832 597 'quippe
849 507 968 593 quem
987 477 1156 567 historiae
1172 483 1342 582 recentis
1357 482 1408 568 de
1425 510 1551 598 tegno
1566 484 1683 572 italia

270 613 273 628 '
300 707 303 720 1
364 602 564 716 auuorad
578 591 975 686 familiamEstensem
994 597 1192 682 retulerit·
1218 601 1358 712 mque
1374 597 1518 704 cumbi
1532 617 1576 686 'et
1594 599 1684 714 aiibi

217 734 221 748 '
255 725 259 733 ’
365 749 477 834 aqua,
494 713 836 830 quemadmodum
861 711 1026 810 dicitur,
1055 711 1201 798 haerere
1216 715 1407 800 videatur.
1460 716 1566 828 Qae
1589 742 1685 799 eno·

138 907 142 914 .
296 854 300 864 ’
367 837 500 923 datius
516 829 742 942 investigate
759 825 827 946 hic
847 826 1063 926 noluimus,
1102 853 1143 916 et
1160 829 1317 930 dabitur
1340 825 1512 920 fortassis
1527 825 1685 918 occasio

111 975 113 996 ’
165 1069 170 1076 ¹
306 1075 308 1084 y
357 949 494 1088 ‚dehis
509 944 723 1061 aliquando
750 939 972 1078 explicandi
989 943 1184 1080 plenius
1578 964 1583 982 ·
1686 1047 1689 1056 Ι

517 1179 722 1266 Ceterum
746 1205 839 1263 cum
861 1177 1000 1263 audior
1024 1177 1239 1290 patronum
1263 1171 1370 1262 istius
1387 1173 1537 1262 laboris
1551 1172 1607 1264 sui
1622 1176 1687 1264 de·

368 1293 507 1411 legerit
537 1290 710 1382 illustriss
741 1294 945 1380 memoriae
973 1292 1224 1408 Principem,
1257 1293 1583 1379 Farotarcvar
1614 1293 1690 1380 Ar-

369 1408 525 1526 chiepii
542 1479 549 1496 .
565 1409 827 1522 Magdeburg.
844 1432 920 1497 ete.
938 1433 978 1493 et
996 1407 1103 1520 apud
1120 1406 1301 1518 ejusdem
1318 1407 1474 1502 familiae
1487 1409 1689 1521 Principes

297 1633 301 1639 .
328 1631 337 1645 Ι
361 1520 457 1626 uos,
472 1524 684 1639 magnifici,
708 1523 873 1611 nobiliib
889 1521 1161 1638 ciatiibmiqbe
1176 1524 1264 1627 viri,
1283 1523 1476 1634 dignitate
1492 1524 1689 1636 praecipua

297 1710 306 1744 t
368 1645 588 1740 emineatis,
612 1639 758 1726 addere
777 1639 881 1747 hane
899 1631 1140 1750 praefationis
1157 1639 1315 1725 alterius
1333 1637 1691 1749 compeditionem

368 1761 421 1848 ad
436 1754 706 1867 Magnificent.
731 1776 850 1867 atque
879 1753 1105 1862 Amplitud.
1119 1755 1170 1842 V.
1192 1753 1322 1850 volui,
1359 1753 1472 1864 quod
1500 1779 1584 1840 tam
1611 1755 1698 1845 mel

369 1871 574 1963 motabilis
590 1868 752 1956 historia
773 1897 858 1956 non
878 1868 997 1982 poisat
1012 1896 1095 1954 uon
1112 1869 1227 1954 vobis
1243 1870 1457 1984 gratissima
1473 1865 1559 1954 effe.
1600 1869 1688 1978 Nee

148 2048 150 2058 ·
247 2023 256 2034 ’
369 1981 710 2078 mihi'obscuturb
728 2006 829 2089 caat,
858 2007 1051 2096 quantum
1071 1981 1293 2070 feliciffimo
1312 1984 1367 2070 illi
1385 2011 1578 2100 peneque
1594 1983 1689 2072 divi·

368 2129 427 2190 no
442 2100 577 2192 Sabini
599 2099 781 2212 ingenio,
807 2123 1011 2212 quantum
1036 2101 1170 2212 patria
1185 2099 1486 2228 antiquitatibus
1503 2098 1687 2188 tribuere·

369 2219 433 2308 tis.
491 2216 572 2304 Cui
589 2215 640 2300 de
656 2241 722 2300 me
738 2213 904 2324 adjicio,
943 2212 1145 2328 essequod
1165 2215 1322 2303 divetbs
1343 2243 1391 2300 ex
1410 2213 1560 2317 meritis
1575 2213 1686 2301 vehe-

292 2428 294 2434 ,
368 2353 529 2440 menter
556 2327 724 2417 debeam
754 2331 980 2443 debereque
1010 2329 1140 2416 veiim.
1214 2326 1431 2442 roirca
1449 2327 1688 2443 benignitate

368 2447 550 2540 officium
565 2447 606 2532 id
622 2445 834 2558 accipiatis,
857 2445 975 2560 quam
997 2442 1331 2544 ibenevolentiff
1348 2445 1528 2560 patronis
1546 2473 1611 2532 me
1624 2471 1685 2530 ex·

368 2564 527 2678 pedare
542 2588 613 2674 pat
630 2559 697 2659 est,
727 2585 767 2648 et
785 2561 986 2675 quandam
1005 2557 1147 2647 nostra
1162 2587 1253 2674 erga
1272 2588 1345 2646 vos
1363 2555 1617 2648 observantie
1633 2581 1686 2646 te·

368 2677 647 2768 iiiticationem
672 2673 744 2770 effe
768 2673 994 2804 patiamini,
1023 2701 1110 2762 oro.
1169 2676 1297 2788 Qud
1321 2672 1459 2761 iiDeo'
1484 2697 1571 2790 opt.
1592 2701 1686 2760 max.

369 2795 494 2888 duce,
530 2787 818 2876 vestrifavoris
845 2787 1020 2902 respectu
1049 2789 1202 2896 comite
1212 2851 1224 2894 ,
1261 2792 1302 2876 in
1321 2785 1482 2878 fortuna
1510 2789 1608 2878 mihi
1625 2787 1685 2873 ali·

255 2931 259 2938 ’
400 2904 532 2991 uando
549 2901 622 2988 effe
640 2931 684 2988 ea
701 2903 848 3002 licebit,
869 2929 977 2992 utne
997 2903 1058 2990 his
1077 2905 1213 2992 studiis
1229 2904 1371 2992 nostris
1388 2903 1594 2994 neceffaria
1608 2901 1685 2990 sub

368 2935 470 3108 iidia'
488 3019 597 3132 (quae
613 3019 765 3116 dicam,
793 3020 1071 3130 ignorare‘vos
1094 3049 1180 3109 non
1207 3024 1333 3132 puto)
1356 3019 1502 3118 desint,
1517 3015 1684 3134 „aliquod

280 3151 282 3156 '
368 3133 508 3242 itidem
536 3130 727 3246 scriptum
751 3131 930 3220 noiirum
958 3131 1182 3248 profetam,
1220 3162 1261 3223 et
1279 3133 1519 3222 beneficium
1537 3157 1684 3223 tantum

369 3250 568 3340 memoria
586 3247 771 3340 recolam
789 3247 1082 3362 celebraboque
1098 3247 1344 3361 sempiterna.
1401 3250 1503 3338 Sane
1519 3247 1547 3336 fi
1565 3270 1683 3360 neque

367 3364 469 3456 istud
485 3365 566 3452 hoc
580 3363 676 3465 loco
689 3365 963 3482 reticendum,
993 3393 1113 3478 quam
1139 3366 1292 3478 patriae,
1330 3363 1390 3456 vel
1408 3368 1546 3480 potius
1567 3365 1683 3450 totius

368 3475 622 3592 Germanioi
642 3475 821 3576 historia,
852 3507 971 3592 quam
998 3481 1159 3568 erudita:
1183 3481 1429 3594 antiquitatis
1455 3476 1683 3594 explanatio,

368 3595 448 3684 fine
465 3623 542 3712 qua
556 3619 597 3682 et
612 3595 686 3692 ilia,
702 3594 907 3708 etreliqua
925 3596 1074 3692 omnia,
1099 3615 1294 3710 tanquam
1310 3589 1680 3690 fundamento-labe·

333 3795 336 3800 .
365 3709 518 3801 sanato
533 3734 694 3806 nutant,
725 3735 849 3824 opem
866 3707 1032 3796 vestram
1055 3711 1295 3825 implorent,
1341 3707 1482 3821 fugere
1499 3695 1682 3823 spectauit

368 3829 476 3917 illam
499 3823 751 3940 prudentiam
767 3823 953 3922 vestram,
983 3823 1078 3912 etin
1098 3825 1252 3938 republ.
1271 3823 1574 3938 administranda
1592 3816 1679 3932 vigi·

366 3943 543 4037 lantiam,
571 3941 724 4055 nequit.
781 3937 1129 4048 Etsuntjamnon
1149 3967 1277 4054 pauca
1293 3933 1679 4028 aliatumGetmaniae

366 4055 673 4178 provinciarum
696 4055 946 4179 exemplam
964 4055 1117 4148 medio.
1170 4054 1395 4176 inquibus
1429 4045 1678 4174 congerendiss

689 4210 692 4223 ,
958 4213 961 4222 λ
1330 4185 1336 4194 ’
1632 4179 1679 4248 ae
