3600 4692
233 319 241 332 ·
374 257 588 400 160Jf
653 255 830 375 Proui-r
859 255 1161 352 Vrornnurrt
1198 257 1439 366 hunitune
1548 281 1562 288 “

227 479 230 502 ·
328 543 338 552 ,
369 459 872 578 indecarceresegrellus
903 459 1170 576 triumphanti
1201 455 1333 548 finrilis
1362 459 1528 577 cognita
1558 461 1697 578 repetit

375 577 489 691 attia,
518 581 587 668 ubi
604 581 790 668 radiantia
806 605 950 668 exutus
968 607 1075 664 arma
1091 579 1267 692 primum
1284 577 1491 696 pulverem
1508 577 1698 692 abstergit,

375 702 472 792 inde
487 695 695 813 pulchram
713 693 903 782 chlaenam
927 695 1077 799 induit,
1107 717 1148 780 et
1163 691 1274 780 anns
1292 695 1332 780 in
1359 696 1576 782 certamine
1591 693 1697 782 labo·

254 907 264 924 „
375 843 440 908 res
462 843 557 903 cum
578 811 791 898 dulcedine
813 833 1123 904 commemorat.
1171 809 1301 896 ldem-
1314 835 1437 924 agunt
1459 811 1507 896 ad
1524 810 1697 898 aedesrt·

202 917 208 938 ²
237 939 256 1036 ζ
351 943 352 950 ‘
377 929 475 1030 uetst
499 929 639 1045 inclyti
671 923 962 1032 fratres‘multa
980 925 1150 1011 invicem
1172 920 1404 1014 dille‘rentes.
1463 927 1612 1012 interea
1629 925 1698 1012 Sol

223 1129 227 1137 .
331 1037 537 1137 soceano
563 1041 807 1140 mersustst,
847 1071 924 1156 qua
948 1069 991 1130 re
1016 1040 1065 1127 ad
1088 1035 1234 1126 funalia
1261 1064 1300 1127 et
1326 1041 1505 1128 lucentes
1529 1040 1698 1155 lychnos

379 1189 496 1251 coena
514 1159 734 1273 peragitur,
763 1158 878 1270 iqua
894 1157 988 1254 cibo
1008 1142 1193 1269 potuque
1212 1181 1353 1258 omnes
1375 1148 1529 1242 distenti
1547 1155 1698 1270 surgen*

217 1365 221 1376 ,
303 1285 308 1302 ’
379 1271 440 1367 tet
465 1273 749 1363 adducendos
774 1271 926 1360 choros
953 1269 1158 1385 separant.
1215 1271 1398 1380 Inprimis
1421 1271 1699 1358 uerolllullres

308 1476 311 1486 ,
367 1397 610 1507 ‚J-ornurs
632 1413 673 1476 et
700 1389 1001 1484 Hmmncvs,
1037 1384 1221 1473 Sulloniae
1245 1389 1467 1499 Principes,
1509 1388 1699 1498 ledlilhmi

378 1507 614 1604 comitum.
643 1507 906 1620 equitumque
923 1527 1174 1600 auratorum,
1203 1528 1245 1590 et
1269 1529 1483 1616 procerum
1504 1529 1615 1592 coetu
1634 1531 1698 1610 cog

238 1613 256 1706 ’.
378 1625 531 1722 mitati,
553 1619 700 1730 odiam
717 1642 813 1706 nota
832 1617 973 1730 palatia
990 1643 1213 1732 pervenere.
1273 1620 1367 1706 lude
1382 1617 1611 1707 clarilllmus
1625 1621 1699 1730 Jo-

177 1769 181 1776 ’
309 1803 320 1812 -
381 1765 599 1830 notaturus
629 1739 725 1822 cum
748 1733 996 1850 'diletlilhma
1025 1731 1217 1846 conjuge;
1258 1732 1584 1846 lllagnopolitani
1607 1763 1699 1823 vero

299 1845 302 1864 '
337 1857 518 1944 .‘Duces
543 1881 637 1940 curu
664 1849 930 1967 pulcherrima
947 1846 1101 1949 sorore,
1139 1845 1443 1960 praelucentibus
1460 1855 1582 1938 cereis
1604 1879 1699 1964 ptae·

149 2055 156 2070 ,
380 1973 555 2061 torianas
579 1969 684 2055 aedes
708 1968 877 2058 adeunt:
906 1963 1176 2070 illullrilhmos'
1197 1963 1400 2078 Principes
1425 1965 1598 2055 animosa
1620 1965 1700 2054 for·

152 2109 156 2118 ’
233 2091 258 2188 ᾗ
380 2089 484 2170 tium
514 2077 693 2168 virorum
726 2082 895 2182 cohors,
924 2109 963 2168 et
982 2079 1186 2170 tetnffima
1213 2079 1357 2194 pubem
1393 2081 1700 2195 pulcherrimam

381 2220 479 2284 vero
504 2195 888 2298 Errsnouurr'ntt,
918 2193 1259 2310 Cassiffimamqoe
1282 2197 1475 2310 virginem
1500 2197 1700 2286 Carun-

311 2326 338 2420 ζ’
374 2331 542 2422 niuniu
566 2307 792 2398 hlatronale
815 2341 861 2398 ac
881 2313 1103 2424 uirgineum
1134 2339 1285 2424 agmen.
1301 2308 1484 2400 sedatur:
1510 2313 1577 2408 ibi
1599 2342 1700 2400 non·

380 2429 499 2518 nullis
516 2419 652 2514 choris
670 2427 801 2514 duciis
820 2429 990 2537 tempus
1012 2427 1166 2529 aderat,
1203 2453 1287 2542 quo
1304 2423 1518 2512 vilioribus
1542 2429 1700 2540 praemia

368 2541 447 2633 lua
480 2543 685 2641 detentum
704 2558 767 2628 ‘et
796 2567 891 2626 ecce
922 2540 1059 2630 lllullti
1088 2541 1329 2628 Aruerno
1364 2539 1699 2656 Magnopolitano

380 2659 509 2758 Duci,
538 2661 608 2774 qni
624 2657 759 2770 primo
782 2655 822 2742 io
838 2658 1056 2744 certamine
1071 2655 1220 2744 hollant
1247 2653 1486 2772 prefregerat
1495 2721 1510 2766 ‚
1538 2654 1700 2748 illustris·

301 2847 306 2860 ,
380 2773 837 2870 similitationem,
867 2775 1001 2887 magni
1017 2771 1294 2888 Cymbtorum
1313 2777 1414 2884 tegis
1429 2771 1529 2876 fitia,
1559 2775 1697 2862 etallu·

380 2885 548 2977 striffimi
562 2887 822 2997 Joncrrttn'r,
839 2888 877 2974 S.
893 2889 940 2974 R.
952 2891 1053 2998 lmp.
1067 2887 1304 3000 Septemviti
1316 2887 1570 2976 'Marchinnis
1584 2891 1698 2978 Bran·

368 2999 664 3116 'denburgensrs
682 3011 756 3090 etc.
779 3003 950 3112 conjux,
981 3003 1111 3090 forma
1138 3005 1241 3091 adeo
1265 3006 1427 3102 eximia,
1457 3028 1503 3092 ur
1520 3033 1698 3118 quocun·

381 3143 462 3236 que
483 3113 722 3230 severtetet,
759 3119 947 3222 omnium
967 3123 1006 3206 in
1023 3117 1058 3206 se
1073 3119 1219 3225 oculos
1246 3143 1433 3232 raptaret,
1460 3121 1511 3208 ab
1526 3119 1596 3208 sibi
1612 3121 1697 3208 cha·

269 3311 275 3320 .
382 3233 532 3324 rilhmo
556 3235 661 3321 Viro
682 3256 723 3320 et
747 3234 920 3322 multum
938 3262 1081 3323 ,amato
1106 3238 1249 3327 marito
1274 3233 1539 3348 Joncurnro
1561 3237 1601 3324 S.
1615 3237 1659 3323 R.
1673 3237 1697 3323 l.

382 3349 648 3466 Septemviro,
667 3372 707 3435 et
722 3351 969 3461 Acunum
984 3349 1169 3438 fratribus
1186 3351 1488 3466 Marchionibus
1503 3351 1699 3442 Branden·

382 3460 853 3584 burgenhbusdedudla,
893 3459 1082 3554 brabe'um
1104 3467 1279 3579 primum
1305 3466 1457 3582 antiqui
1480 3469 1617 3582 operis
1633 3467 1696 3554 ha·

378 3581 480 3686 llam
497 3609 656 3670 aureum
677 3607 716 3668 et
734 3584 857 3695 aureis
875 3579 1097 3668 consertam
1113 3582 1307 3684 bradeist
1327 3582 1547 3682 corollam,
1576 3582 1695 3672 oculis

321 3746 326 3758 =
383 3698 585 3785 interram
603 3694 762 3794 defixis,
791 3697 883 3783 inde
898 3695 1032 3786 sensim
1059 3699 1237 3798 elevaris,
1266 3699 1313 3784 iis
1328 3699 1457 3785 verbis
1474 3727 1621 3787 munus
1633 3723 1694 3786 ex·
1796 3761 1798 3806 2

290 3809 300 3880 ἴ
383 3811 620 3901 ornantibus
647 3811 790 3918 donat:
823 3800 1001 3902 Pulchra·
1024 3815 1224 3902 resvirtus
1242 3810 1317 3919 est,
1347 3815 1577 3904 Araunru
1594 3813 1692 3902 Prin·

384 3953 499 4039 ceps,
534 3924 743 4040 pulchrior
763 3957 880 4028 vero.
922 3929 949 4019 lt
972 3925 1122 4030 forma,
1156 3923 1280 4044 qualis
1304 3931 1343 4014 in
1358 3955 1397 4014 te
1415 3929 1490 4028 est,
1511 3976 1513 3979 ·
1533 3931 1694 4042 imperio

385 4041 506 4156 digna
524 4037 751 4162 adjuyetum
790 4073 876 4162 quat
891 4071 931 4136 te
950 4045 1075 4137 hodie
1089 4047 1131 4134 in
1150 4047 1364 4155 certamine
1387 4043 1491 4134 hasta
1507 4046 1602 4132 alios
1616 4044 1691 4128 viu·
1797 4121 1798 4158 p

835 4205 839 4211 ¹
1338 4184 1343 4194 ·
1393 4243 1398 4257 ,
1446 4189 1450 4194 ·
1498 4183 1690 4276 ’,οεηῐεηι
