3566 4682
104 363 109 368 ·
224 329 463 422 Fonuvra
500 327 1276 422 Dvcnrvslirtannrnvncnnsrs.
1345 357 1393 436 31¹

90 527 803 730 habueruntCanortnconvnrsfi).
842 527 1234 634 ,Lonoonnnors
1258 526 1391 614 Man·

754 671 817 751 t3
1267 671 1390 729 curo
1457 709 1459 716 .

166 839 255 944 setis
269 843 418 925 docent,
435 845 511 938 qui,
527 865 680 920 munere
696 844 759 917 luo
778 845 815 920 in
836 841 1040 938 provinciis
1066 841 1263 918 limitaneis
1287 841 1392 919 desti·
1501 881 1511 894 r

179 947 270 1030 tuti,
287 967 364 1040 non
383 945 429 1019 de
446 943 598 1043 injuria;
626 945 687 1018 led
706 947 751 1018 de
767 943 915 1018 fortuna
935 935 1279 1042 conquirebatur,
1305 961 1392 1038 quae

179 1048 278 1143 apud
295 1042 474 1128 Caelarem
497 1047 638 1130 minus,
654 1067 693 1118 ac
707 1044 788 1140 spes
806 1063 939 1120 eorum
954 1045 1090 1130 luerat,
1109 1043 1258 1119 savillet.
1297 1043 1392 1117 Scri·

177 1166 329 1243 ptores,
350 1147 411 1240 qui
428 1146 535 1219 aliter
550 1146 699 1228 docent,
715 1167 873 1239 quorum
882 1144 1098 1243 farraginem
1109 1140 1390 1218 habestncon·
1435 1196 1438 1211 1
1541 1173 1544 1182 ⁴

173 1266 394 1321 urnrnnro
412 1240 528 1344 instar.
545 1239 883 1348 atl'Pusendorffiutn
896 1266 968 1343 cap.
983 1246 1015 1320 I.
1042 1243 1073 1344 §.
1091 1263 1200 1343 amp.
1222 1261 1303 1336 193.
1333 1244 1391 1319 illi

178 1347 326 1446 publica
340 1343 493 1420 Romani
513 1346 659 1442 imperii
674 1345 755 1445 jura
776 1349 897 1422 minus
914 1347 1128 1444 intelligunt
1144 1363 1206 1418 aut
1218 1343 1298 1444 jura
1313 1345 1396 1418 mis·

179 1469 267 1523 cent
283 1469 363 1520 cum
383 1445 548 1521 dostrina
561 1447 753 1520 virtutum.
802 1443 850 1520 Et
864 1468 951 1542 quae
965 1455 1179 1543 argumenta
1193 1447 1392 1544 magisma·
1467 1455 1471 1464 '
1528 1465 1531 1479 ’

83 1623 87 1633 ,
176 1547 303 1622 nilella
324 1545 394 1622 elie
411 1542 575 1642 poliunt,
601 1567 708 1643 quarn
732 1546 814 1631 illa,
835 1568 922 1642 quae
951 1549 989 1620 in
1010 1544 1116 1618 codice
1132 1545 1391 1642 reperiunturl

177 1645 267 1722 Earn
290 1649 390 1720 enim
412 1644 527 1720 libelli
551 1643 752 1741 Caesarum,
775 1668 873 1743 quos
894 1647 939 1720 ad
960 1646 1231 1744 provinciarum
1257 1644 1391 1741 praefe·

177 1747 258 1825 &os
273 1747 467 1829 dederunt,
486 1744 640 1826 iormam
655 1736 802 1834 babent,
823 1767 864 1822 ut
880 1765 1014 1842 pateat,
1038 1748 1101 1820 vix
1119 1744 1395 1820 servumdomi·

176 1843 376 1940 nijullrbus
400 1847 443 1920 fic
458 1845 659 1922 adstribium
677 1846 792 1930 suine,
816 1872 856 1927 ac
886 1850 974 1922 illos
995 1845 1177 1922 Caelarum
1200 1844 1392 1920 mandatis.

180 1945 414 2031 summatim,
439 1948 476 2020 in
501 1949 703 2042 provinciis
719 1945 900 2024 Caesarum
925 1948 1052 2032 famuli
1072 1941 1217 2024 fuerant
1239 1964 1278 2021 et
1294 1968 1393 2020 man·

180 2049 328 2124 datarii:
354 2051 391 2120 in
405 2047 559 2122 universi
577 2051 722 2145 imperii
736 2051 900 2150 negotiis
917 2049 1154 2126 otiosstelies.
1181 2045 1392 2136 Quaeirons

178 2150 293 2248 igitur
308 2145 428 2222 Rern
440 2167 569 2224 irruo
583 2171 634 2246 ro
655 2169 694 2226 et
710 2149 924 2225 dubioribus
939 2150 1010 2224 illis
1024 2149 1206 2226 veteranis
1221 2149 1313 2222 luit?
1328 2147 1392 2243 qui

179 2251 369 2347 principes
384 2249 731 2344 rerumpublicarum
742 2248 965 2331 Germaniae,
980 2271 1063 2322 cum
1080 2246 1298 2322 officialibus
1317 2245 1392 2320 Ro·

179 2349 276 2424 mani
294 2345 444 2422 Caelaria
458 2349 625 2424 conferre
641 2368 751 2444 atque
770 2351 919 2424 illorum
936 2345 1016 2448 juta
1028 2371 1077 2422 ex
1092 2347 1222 2422 borum
1238 2368 1392 2421 munere

178 2450 354 2528 aellimare
371 2451 583 2546 voluerunt,
600 2472 678 2544 quo
694 2469 821 2524 errore
837 2471 912 2522 non
930 2449 1097 2545 ineptior
1110 2449 1180 2522 elle
1206 2449 1328 2544 potest
1350 2467 1392 2519 ac

177 2549 424 2648 pestilentior,
447 2551 508 2645 qui
526 2547 605 2647 jura
621 2550 829 2647 principum
847 2547 995 2646 prorsus
1016 2548 1216 2646 extinguit.
1238 2610 1243 2614 .
1272 2543 1391 2640 ¹Sane

174 2650 295 2826 {psulfn
309 2646 492 2726 Caesarem
509 2650 553 2724 ad
567 2649 745 2749 impudici
762 2649 962 2731 adulatoris
977 2649 1169 2756 calamum,
1184 2647 1296 2722 audio
1312 2669 1393 2723 eru·
1459 2649 1463 2654 ’

205 2773 247 2824 ur
271 2774 305 2824 e.
636 2803 643 2810 -
1270 2821 1273 2828 ,
1508 2803 1513 2811 .

128 2851 179 2946 (i)
209 2849 294 2924 Hac
304 2848 429 2926 fraude
444 2848 739 2955 illisxetiamnunc
754 2849 973 2950 imponitur,
994 2849 1057 2948 qui
1073 2869 1242 2926 veterum
1257 2837 1391 2943 inepti·
1401 2850 1541 2956 carolin-

178 2974 219 3027 as
235 2949 492 3046 reprobarunt.
542 2949 677 3024 Habeo
690 2952 815 3048 itaque
831 2953 970 3037 caulas,
991 2950 1142 3050 publice
1158 2950 1217 3026 hic
1231 2947 1389 3026 dicendi,
1402 2961 1543 3041 gffcrsret.

177 3053 219 3128 in
236 3053 373 3126 eodem
396 3069 458 3128 aut
478 3051 638 3148 graviori
664 3051 773 3128 etiam
797 3073 953 3149 peccato
973 3052 1131 3136 versari,
1166 3053 1226 3148 qui
1249 3047 1388 3147 publici
1402 3027 1553 3175 5¹b¹¹³fw

174 3151 272 3255 juris
288 3150 467 3250 principia
477 3174 527 3226 ex
542 3152 703 3262 irnperio
714 3150 846 3252 ¹Caroli
863 3155 986 3253 magni
1000 3171 1039 3228 et
1059 3152 1291 3249 posterorum
1307 3145 1390 3248 ejus
1401 3125 1553 3282 9225&

175 3269 360 3349 repetunt
374 3261 483 3347 atque
501 3253 604 3335 illos,
628 3251 691 3346 qui
712 3253 756 3329 ad
776 3255 1011 3331 undecimum
1034 3269 1074 3328 et
1096 3270 1306 3334 extremum
1339 3268 1388 3319 to-

178 3351 475 3455 ditr'sluflinioner'
494 3349 942 3429 numerumnunerum
960 3352 1188 3449 confugiunt.
1237 3340 1392 3424 Conliat
1413 3436 1417 3444 x

176 3452 280 3550 apud
294 3473 415 3526 rerunt
429 3471 505 3526 non
523 3451 671 3548 prorsus
689 3451 1048 3551 ignaros,·Carolum
1067 3453 1331 3546 imperatorem
1349 3449 1388 3519 in

179 3551 394 3630 Germaniae
409 3553 633 3648 provinciis,
650 3574 738 3648 quaa
755 3556 821 3632 ille
840 3553 1050 3651 primussub
1067 3552 1263 3646 imperium
1281 3549 1389 3620 unius
1448 3555 1460 3566 ‘

136 3637 152 3664 ‘
176 3652 554 3754 redegimliberrimo
568 3653 649 3752 jure
666 3653 765 3729 luille
780 3658 1031 3736 dominatum,
1054 3648 1227 3727 omnibus
1252 3647 1390 3724 ducati·

176 3751 651 3853 bua,ideil,stngulurisre'
698 3750 1248 3854 blicnjuribusprorsuseverlrs.
1271 3747 1391 3834 Quod
1494 3793 1498 3798 -
1530 3807 1533 3816 .

176 3853 204 3932 sr
220 3875 313 3954 ergo
327 3854 450 3928 ducum
464 3873 526 3929 aut
538 3875 636 3930 murt
659 3856 901 3952 ionum,quod
915 3857 1018 3958 supra
1032 3851 1081 3944 lit.
1098 3849 1174 3950 ἀρ.
1194 3861 1275 3943 306.
1294 3846 1389 3932 uidi·
1530 3899 1534 3910 .

180 3977 284 4039 mus,
300 3975 349 4030 eo
367 3955 585 4052 imperante,
602 3960 783 4031 memoria
798 3959 964 4036 occurrit.
982 3980 1058 4030 non
1080 3957 1146 4026 alia
1166 3953 1249 4025 huic
1265 3945 1389 4022 nomi·

181 4077 274 4134 num
288 4055 491 4155 generiuia
501 4055 713 4145 tribuenda,
727 4076 840 4158 atque
855 4081 916 4146 ea,
936 4053 1224 4156 quamdedimus
1240 4053 1276 4146 in
1293 4068 1390 4228 tebm·
1528 4155 1536 4164 .

767 4192 769 4210 r
1231 4173 1317 4254 porr
1346 4163 1391 4223 uu
1529 4213 1533 4248 ÷
1589 4181 1592 4190 r
