3566 4682
213 304 488 428 ostentas
524 319 720 420 Srraars
755 289 1191 410 BnaNosuvucrcn.
1292 289 1382 430 {37

85 515 254 606 ornanda
283 513 591 606 Francosirrtenli
618 519 847 606 Academia
879 516 1094 614 incumbit,
1137 509 1380 618 amplissumis

85 629 268 718 sacrorum
284 635 483 718 redituum
501 629 618 717 bonis
635 633 728 731 huic
744 630 951 726 concesse,
980 655 1019 717 et
1043 630 1264 738 stipendiis,
1294 623 1380 740 qui·

84 744 149 830 bus
162 747 403 858 optimarum
419 747 558 832 artium
578 742 815 833 Professores
832 746 1041 847 alerentur,
1058 743 1239 828 adauslis.
1284 813 1289 822 .
1319 793 1338 826 .-

215 861 342 945 An'no
356 859 414 944 M.
431 864 480 944 D.
493 859 635 945 XLVI.
653 884 771 946 moro
793 861 832 944 in
849 855 1111 945 Proteslanres
1128 883 1196 966 per
1211 853 1376 940 Germa·
1429 887 1434 898 ·

83 970 329 1070 manabello,
358 969 518 1062 Caesaris
542 993 669 1081 partes
693 971 883 1085 sequitur,
911 994 952 1057 et
973 970 1022 1057 ad
1040 969 1146 1054 idenr
1174 965 1279 1053 fratri
1301 965 1378 1073 Jo·
1514 981 1517 986 ’

79 1113 136 1170 au
152 1114 200 1171 rur
215 1085 399 1170 hortator
416 1083 470 1172 fit.
528 1085 638 1170 Cum
655 1088 693 1170 in
710 1086 854 1170 eodem
877 1110 1062 1198 ternpore
1080 1086 1181 1169 inter
1193 1081 1380 1186 Jornn.
1455 1165 1457 1172 Α

81 1197 378 1286 Farnrarcvru
406 1197 481 1284 Eu.
511 1195 690 1284 Saxoniae
718 1223 758 1282 et
787 1197 1020 1294 bsauritium
1048 1194 1218 1294 simultas
1246 1219 1378 1279 recru-
1474 1239 1477 1248 «

79 1310 224 1409 duisset‚
261 1311 564 1397 reconciliandis
594 1311 668 1396 illis
692 1309 947 1398 vehementer
967 1309 1179 1397 incumbit:
1218 1331 1379 1392 etcum

79 1421 174 1510 baud
192 1423 325 1512 multo
342 1421 431 1538 poll
447 1424 552 1510 Saxo
572 1426 612 1509 in
630 1421 865 1536 potestatem
884 1421 1041 1512 Caesaris
1057 1419 1226 1516 venisset,
1254 1445 1299 1534 ut
1314 1441 1380 1504 ca·a

82 1538 198 1649 pitulis
215 1538 362 1623 ineunt
378 1536 453 1622 lata
469 1535 655 1626 sententia
678 1539 914 1635 mutaretur,
942 1533 1211 1650 intercessione
1227 1529 1288 1618 sua
1303 1532 1382 1618 im÷

81 1675 214 1760 petrat,
250 1648 441 1761 fimulque
462 1651 511 1735 ab
530 1651 822 1750 Anhaldiorum
840 1649 983 1736 finibus
1007 1649 1166 1736 holliles
1185 1645 1377 1758 direptio·

78 1791 139 1847 nes
152 1765 299 1849 averrit.
357 1763 510 1873 Coepit
532 1763 606 1869 jam
631 1789 716 1850 tum
742 1765 858 1851 etiam
887 1793 1070 1850 unacum
1087 1762 1284 1848 Mauricio
1300 1784 1376 1872 pro

79 1873 323 1988 Landgrafio,
352 1876 597 1962 Chattorum
621 1879 822 1988 Principe,
852 1875 990 1964 Casiri
1009 1875 1305 1963 reconciliando
1322 1871 1376 1956 la·
1449 1983 1453 1992 ι

81 1987 219 2078 horare.
262 1989 394 2102 Qud
413 2017 506 2074 cum
525 1989 661 2077 fruslra
676 1990 799 2087 fieret,
816 1991 1140 2076 HalaeSaxonum
1158 1991 1302 2076 iterum
1319 1984 1385 2070 in·¹

80 2099 152 2198 slat,
163 2129 325 2215 remque
336 2099 1232 2218 obtinet,etproLandgraliodubitabundo,et
1247 2098 1379 2185 liberis

80 2215 428 2326 etprovincialibus
445 2213 625 2326 spondet.
682 2218 766 2326 Qri
790 2217 855 2302 ubi
873 2217 1017 2302 deinde
1035 2217 1175 2301 Caesari
1192 2243 1239 2300 ex
1257 2213 1376 2340 patio
1516 2279 1519 2291 .

80 2325 313 2440 supplicavit,
345 2353 390 2428 ,et
404 2355 496 2414 cunr
520 2329 568 2414 ab
585 2329 744 2414 Albano
761 2347 835 2414 una
855 2333 947 2414 curn
973 2326 1285 2416 intercessoribus
1305 2322 1379 2408 sors

78 2443 119 2523 ad
136 2467 287 2528 coenam
305 2441 518 2539 invitatus,
548 2469 721 2556 cumque
740 2444 878 2528 iisdem
897 2441 1174 2553 assurgentibus
1190 2442 1229 2525 in
1245 2433 1376 2546 bospi-

81 2553 170 2640 tium
185 2554 395 2650 rediturus,
423 2582 583 2663 manere
598 2553 774 2670 appofita
792 2557 967 2642 cuslodia
985 2553 1099 2662 jussus
1113 2552 1222 2640 esset:
1253 2549 1378 2636 Alba·

82 2692 190 2752 noeo
205 2669 370 2766 nomine
393 2694 441 2754 ex
458 2669 692 2756 ausloritate
707 2667 871 2756 Caesaris
891 2668 927 2755 se
950 2665 1179 2772 excusante,
1208 2663 1378 2752 Atreba·
1433 2687 1488 2748 ,ν

82 2778 165 2864 tensa
180 2809 272 2868 vero
289 2779 514 2893 Episcopo,
529 2891 537 2912 ο
552 2784 620 2896 qui
640 2783 679 2868 in
705 2781 781 2870 hac
811 2783 967 2868 risione
983 2783 1032 2868 ad
1049 2781 1240 2868 Calorem
1261 2780 1380 2865 inter·

84 2894 236 2980 nuncius
266 2893 391 2982 fuisset
422 2922 661 3006 praecipuus,
696 2895 947 3008 Sopbillicen
980 2925 1028 2981 cx
1070 2893 1241 2981 formula
1270 2889 1378 3004 pacis
1503 2965 1507 2975 .
1628 2937 1630 2948 ·

82 3001 304 3094 Germanica
321 3011 496 3120 ingerere
509 3005 613 3107 auso,
643 3013 694 3096 ita
713 3013 752 3096 in
770 3009 977 3095 hominem
994 3010 1208 3104 incanduit,
1235 3027 1280 3094 ut
1297 3031 1379 3090 nra·

83 3129 129 3202 nu
151 3117 229 3205 hoc
252 3122 518 3208 vindicaturus
539 3117 682 3220 suisset,
718 3123 786 3210 nib
813 3121 874 3208 alii
894 3123 1133 3209 iracundiam
1163 3119 1244 3228 e‘prs
1264 3147 1381 3205 conr·
1488 3225 1493 3231 Ι

85 3231 345 3320 modisverbis
368 3232 569 3352 sensissent.
625 3237 718 3323 Nec
732 3236 782 3325 ab
796 3263 849 3322 eo
873 3259 1059 3347 tempore
1081 3234 1280 3323 'solicitata
1303 3258 1384 3347 pro·

86 3339 308 3469 bsndgtafio
324 3346 487 3444 destitit,
515 3347 581 3432 sed
608 3372 653 3434 ut
673 3375 836 3460 operam
863 3348 1014 3459 semper
1038 3350 1211 3434 luderet:
1247 3344 1382 3460 quoad

87 3453 187 3656 ιΕίῖΙυεηὶ]
214 3460 335 3549 veluti
365 3462 520 3548 nodum
545 3462 747 3550 Gordium
772 3461 947 3551 dissecuit
971 3458 1057 3548 ense
1076 3461 1145 3548 suo
1167 3459 1381 3548 Mauricius

129 3598 242 3660 eor.
318 3657 331 3664 ,
408 3633 411 3640 «

105 3790 113 3807 ⁸
219 3689 343 3772 Anno
358 3687 658 3776 M.D.XLVlll.
675 3685 1169 3800 proficisciturAuguslam
1185 3687 1237 3774 ad
1252 3685 1382 3772 comi.
1494 3717 1500 3727 ·

88 3809 145 3876 ua:
172 3798 253 3886 Vbi
268 3829 289 3885 a
306 3799 455 3886 Caesare
470 3787 774 3913 lnterresigione,
810 3800 873 3888 seu
890 3802 957 3888 tali
978 3804 1161 3916 quapiam
1178 3801 1380 3912 religionis

90 3899 268 4008 formula,
303 3941 391 4024 quat
411 3913 628 4000 surarum
654 3914 944 4011 observaretur,
974 3915 1116 4026 quoad
1146 3915 1381 4002 Concilium

89 4011 205 4110 haberi
224 4022 363 4138 posset,
391 4028 662 4141 promulgata.
691 4027 854 4142 nequid
872 4029 921 4118 ad
938 4024 1260 4145 suasprovincias
1279 4029 1381 4122 redi·
1516 4117 1523 4122 .

561 4229 564 4238 ,
623 4140 708 4257 Gg
740 4171 762 4248 3
1079 4269 1083 4275 1
1320 4167 1381 4234 tet
