3534 4682
196 257 479 380 'Fouunvuu
514 287 755 416 Ducauvs
782 285 1281 378 Bnauutuvuuunsrs.
1318 389 1320 393 ,
1340 319 1406 398 345
1485 289 1496 348 ἵ

660 493 698 592 b
753 489 834 578 Vn

236 671 427 786 Sequitur
448 671 735 760 Euucronts
755 671 941 786 dignitas,
970 699 1057 788 quae
1076 653 1327 760 uti'maxima
1344 669 1400 760 est
1504 747 1506 754 Α

91 793 130 878 in
153 788 324 902 imperio
349 785 616 885 Germanic03
661 789 713 873 ita
740 784 890 884 socios,
919 787 1073 876 uonnifi
1094 789 1321 901 principum
1339 783 1397 876 su·

28 1013 31 1020 Δ
88 909 213 1023 premi
235 904 389 991 ordinis
406 903 579 1018 collegas
596 901 671 992 fert
697 907 721 1014 ('
735 907 776 1014 ),
807 904 979 1020 indeque
989 904 1135 996 locum
1153 901 1247 990 facit
1257 901 1396 990 uollto

563 1031 583 1062 ‘¹
909 1086 912 1097 ,
1001 1137 1012 1147 „
1138 1043 1392 1138 argumento.

182 1221 373 1298 cancellos
387 1243 513 1317 neque
530 1218 688 1312 vetustas
703 1217 886 1308 confudit,
907 1229 1032 1320 neque
1046 1215 1322 1300 tabellariorum
1339 1217 1393 1298 sa·
1477 1203 1500 1241 ““

181 1324 254 1398 cile
273 1323 490 1421 ignorantia.
539 1317 593 1397 Ut
609 1321 704 1397 adeo
716 1319 971 1419 argumentum
985 1323 1112 1398 hocad
1128 1323 1289 1398 nostrum
1300 1319 1396 1394 huuc
1477 1343 1484 1357 ¹

175 1422 332 1520 scopum
343 1422 506 1497 omnino
521 1420 639 1496 fucere
651 1421 830 1502 videatur.
883 1421 1062 1509 Quamvis
1078 1424 1209 1510 ultima
1226 1420 1395 1516 inprimis

178 1541 220 1598 et
239 1524 448 1622 penultima
458 1521 578 1600 classes
593 1533 679 1596 non'
687 1521 827 1597 eodem
837 1521 974 1620 ubique
988 1523 1120 1598 orditm
1136 1522 1325 1622 dispositas
1337 1541 1394 1596 te·

234 1643 380 1698 namus.
580 1637 584 1644 ·
1080 1639 1082 1647 ’

130 1643 334 1824 (effidima
373 1719 484 1821 hujus
527 1719 715 1820 doiln'nae⁴
747 1721 956 1798 rudimenta
994 1717 1082 1807 dedi
1124 1717 1156 1824 p
1172 1719 1247 1796 111.
1281 1715 1333 1792 lit.
1351 1739 1543 1825 P‘venorl·
1658 1731 1660 1738 ⁴

115 1923 117 1929 k
178 1823 253 1901 Rea
287 1823 490 1898 summatim
524 1823 574 1897 ita
604 1823 764 1921 intelligi
801 1823 925 1901 debet.
1000 1821 1212 1912 Momenta
1234 1820 1545 1944 universgoem.
1581 1894 1586 1904 ,

143 2005 148 2026 ,
173 1924 324 2024 imperii
341 1925 378 1997 in
395 1923 557 2000 comitiis
574 1921 655 1998 sunt
667 1922 839 2020 expensa.
889 1923 993 2000 luter
1006 1919 1443 2022 lraecpraecipuumfu-no
1457 1927 1518 1992 ele·

177 2027 223 2112 it,
251 2025 343 2123 eligi
359 2025 632 2120 imperatorem.
682 2022 742 2101 Ad
760 2025 909 2100 comitia
925 2027 1046 2102 vocati
1068 2023 1149 2100 sunt
1167 2023 1230 2100 sex
1252 2009 1523 2118 populistomm·

177 2125 405 2208 Genuaniae,
421 2125 552 2198 Franci
558 2146 575 2208 ,·
593 2123 694 2200 snos·
701 2147 717 2209 ς
741 2123 919 2210 Saxonum
950 2121 1130 2226 Thuringi
1137 2149 1154 2211 ,·
1186 2125 1267 2198 Boii
1273 2147 1289 2209 ;
1318 2121 1388 2197 Ve-

177 2226 286 2302 nedi·
321 2224 487 2322 Singulis
514 2226 667 2322 populis
696 2224 822 2322 singuli
852 2224 949 2298 dttces
970 2227 1032 2300 aut
1060 2225 1202 2300 domini
1231 2224 1387 2300 fuerant.

174 2324 327 2401 Horum
343 2328 503 2422 quisque
519 2345 599 2418 cum
618 2325 685 2398 suis
708 2327 813 2406 castra
830 2324 951 2419 posuit
967 2327 1177 2422 locavitque
1193 2323 1385 2420 sigillatim.

179 2425 374 2524 (Hellenos
385 2423 557 2515 Wruro
572 2419 740 2526 t'eslistrit
753 2429 789 2498 in
806 2427 878 2498 nito
892 2421 1055 2501 Cunrudi
1064 2449 1101 2524 p.
1114 2426 1229 2518 424.)
1247 2419 1385 2510 Obiuit

174 2544 277 2602 tanto
291 2526 506 2608 multitudo,
522 2525 610 2620 quin
635 2525 762 2624 singuli
786 2517 970 2622 epopulo
992 2521 1150 2622 suffragia
1171 2523 1307 2597 viritim
1325 2521 1384 2595 di·

176 2643 315 2706 cerem.
368 2625 536 2703 Ducibus
554 2625 665 2722 igitut
681 2623 719 2702 ld
734 2625 855 2700 datum
872 2627 959 2720 luit,
978 2643 1019 2700 ut
1037 2626 1084 2700 de
1102 2623 1300 2710 candidatis
1317 2623 1386 2694 im*

175 2723 275 2826 petii
289 2726 475 2823 principio
496 2723 743 2800 deliberarent
754 2725 1060 2898 §Pratoxotionis
1080 2719 1178 2812 aribo
1198 2722 1237 2798 id
1261 2722 1385 2820 expri·
1495 2740 1504 2757 ⁸

147 2833 151 2836 ’
171 2832 237 2914 anit
255 2825 519 2900 Atutnrvs
536 2822 754 2922 Studirnfiso
793 2847 848 2900 on.
869 2843 975 2926 124o.
984 2851 1024 2927 p.
1040 2841 1124 2906 215.
1127 2825 1166 2921 ).
1216 2820 1385 2930 Pluribus

83 2976 88 2984 ·
174 2929 301 3026 itaque
325 2927 520 3022 probatus,
546 2928 698 3022 populis
725 2928 897 3002 universas
922 2929 1076 3004 nomine
1100 2928 1278 3002 indicatus
1299 2923 1381 2997 luit.

123 3101 129 3112 ,
173 3025 314 3123 Populi
329 3027 541 3100 acclamatio
558 3020 722 3102 adsensus
736 3046 824 3100 nota
840 3047 935 3104 erat:
956 3051 1141 3104 murmure
1156 3045 1218 3102 aut
1234 3023 1382 3100 fremitu

174 3124 443 3204 dissentiebant.
500 3122 709 3220 Utrumque
745 3123 854 3202 fiebat
881 3121 1077 3204 turmatim.
1112 3126 1177 3202 ln
1200 3123 1380 3202 contraria

174 3227 329 3322 quoties
344 3227 434 3300 itum
451 3225 514 3307 eli,
530 3221 785 3303 difficillimum
802 3226 931 3312 suerat,
957 3228 1137 3327 majorem
1164 3243 1305 3320 partem
1321 3223 1380 3297 di·

172 3328 356 3424 ilingvere
373 3349 393 3396 a
413 3325 558 3402 minori.
609 3321 746 3399 Manus*
767 3329 890 3421 itaque
909 3327 1098 3409 consertae.
1149 3325 1223 3402 Ubi
1246 3341 1379 3420 poten·

171 3428 311 3502 tiorum
328 3421 689 3522 suffragia'vicerunn
703 3445 812 3521 atque
828 3427 864 3498 iri
881 3429 1005 3504 duces.
1053 3419 1191 3502 Taedet
1213 3445 1305 3521 ergo
1320 3444 1377 3498 ce·

159 3544 295 3625 teror,
309 3524 487 3622 impensas
505 3522 623 3599 lacere
644 3525 689 3598 ad
705 3527 852 3599 comitia
869 3547 907 3601 et
921 3523 1071 3624 suffragii
1091 3529 1231 3600 nullum
1248 3523 1376 3599 videte

144 3625 336 3701 drusium.
385 3624 478 3699 Inde
494 3641 700 3698 conventus
727 3625 764 3699 hi
781 3629 900 3700 minus
919 3626 1131 3721 frequentes
1153 3627 1242 3710 effe,
1265 3644 1375 3718 cepe·
1472 3681 1475 3686 .

169 3744 266 3800 runt.
317 3722 408 3810 Quo
424 3724 504 3820 ipso
521 3725 637 3800 crevit
662 3725 783 3798 dutum
804 3728 1007 3812 aulioritas.
1053 3725 1166 3800 -Novi
1185 3725 1374 3820 principes

170 3826 343 3922 (quorum
373 3829 521 3898 turinnes
552 3821 678 3901 dubito
714 3823 750 3928 §.
776 3843 806 3907 3.
825 3824 879 3898 tu.
908 3849 941 3898 r.
950 3829 975 3921 )
997 3849 1016 3898 a
1040 3827 1195 3926 pristinis
1223 3826 1260 3898 iu
1296 3823 1372 3896 san·

169 3924 261 4008 nius
277 3927 368 3998 illud
385 3923 636 4021 praettasiaudi
646 3926 1203 4024 (praeroxoudi)conliliumnon
1219 3917 1371 4008 admiffl‚

134 4111 142 4126 ἱ
168 4025 431 4124 pariterabelle
448 4026 677 4118 malueruut3
701 4039 811 4130 quant
827 4027 1037 4106 exclusione
1052 4021 1275 4126 hacolieudi.
1296 4020 1372 4222 ‘pte
1429 4027 1436 4037 ·

673 4178 684 4187 ,
1323 4146 1346 4199 u

1271 4292 1280 4342 i
