3566 4682
68 364 74 374 “
221 355 497 482 -Ontou'tas
534 353 733 448 Srmrrs
768 349 1210 485 Branuuevnetc‘n.
1310 376 1402 480 255

123 543 126 554 ’
224 559 348 648 Anno
365 555 422 646 M.
438 557 488 645 D.
504 557 761 678 idibem
772 553 914 646 infesto
931 552 1105 646 exercito
1122 557 1305 652 Prudiam
1329 558 1400 676 pe·

97 687 229 762 rentem
252 675 450 766 Emerui
472 673 694 783 juniorem,
722 665 1221 770 Ducem.Brtrnsuioeniem
1238 677 1401 764 rmntitu
1474 671 1481 680 ’

95 809 203 874 arcet:
232 791 341 880 Com
359 789 408 876 de
424 813 506 877 tam
523 786 646 876 subita
664 788 920 904 expeditione
936 787 1285 907 nihiloquoquam
1301 821 1399 904 ptae·

93 906 276 1006 monitus,
314 906 378 992 vix
395 901 477 992 su'as
493 931 640 1019 cogere
668 905 808 1020 copias
830 891 1030 1019 potuiffdt.
1088 907 1155 993 Ac
1175 911 1330 1024 peperit
1353 923 1401 998 ea
1451 901 1457 910 ’

92 1037 167 1103 tum
193 1019 438 1138 perturbatio
467 1017 836 1134 pericolofiffimum
859 1015 1179 1136 ipsr'n'mxmytas
1200 1029 1259 1130 no)
1278 1065 1400 1138 nepe·

90 1141 209 1240 tia-tan
232 1138 434 1248 morbum.
495 1136 582 1249 Qi
597 1125 665 1222 e'tfi
682 1136 886 1223 curatione
901 1133 1115 1226 felicissimn
1145 1137 1327 1254 depulsus
1344 1141 1400 1230 ito
1549 1159 1562 1190 ‘

89 1245 169 1356 tuit,
196 1279 341 1344 utnon
362 1249 430 1339 nifi
448 1251 509 1340 exi
541 1249 839 1366 nain-sermone
859 1281 908 1342 ex
924 1254 1056 1342 nrinus
1082 1255 1285 1370 articulata
1304 1285 1400 1369 pro·
1529 1258 1535 1270 “

89 1371 328 1479 nuntiatione
344 1368 437 1456 inde
460 1281 671 1477 dimcultas
703 1363 897 1454 observari
919 1363 1069 1484 posset,
1098 1367 1242 1458 semina
1259 1395 1401 1460 tamen

88 1479 239 1575 aliorum
258 1483 495 1576 morborum
514 1483 681 1598 reliquit.
737 1483 820 1571 His
836 1483 904 1571 sub
927 1510 1075 1574 annum
1097 1485 1155 1573 M.
1174 1487 1399 1577 D.LXVli.
1504 1561 1508 1566 .

86 1599 445 1702 recrudescentibu‘r,
476 1626 570 1686 cum
586 1600 644 1687 ob
668 1597 785 1713 pestis
799 1595 999 1714 graffantis
1019 1601 1304 1714 contagionem
1314 1598 1399 1690 Τέ-

86 1716 192 1828 piam·
209 1715 423 1814 seceffiffet',
459 1717 585 1802 indies
604 1715 828 1802 valetudine
860 1713 1190 1804 incommodiore
1217 1716 1294 1822 eise
1314 1745 1401 1806 eoe·

85 1831 148 1943 pir:
176 1833 270 1948 Qu
288 1831 513 1948 aliquandiu
531 1832 795 1932 confliiiatus,
808 1833 982 1918 moritur
1005 1823 1214 1946 sequ'anni
1231 1835 1280 1922 D.
1292 1833 1399 1922 Mor·

86 1945 121 2032 tii
134 1947 241 2039 xlx.
259 1976 351 2037 cum
368 1973 494 2035 annuos
511 1943 658 2034 vixisset
675 1935 834 2055 7‘72'dies
852 1977 938 2060 307.
956 1945 1044 2035 hor.
1054 1975 1085 2036 2.
1140 1949 1231 2038 Fuit
1246 1951 1400 2038 eximio
1522 2023 1540 2036 .

84 2063 273 2182 religionis
292 2089 332 2154 et
351 2063 506 2179 pietatis
523 2063 676 2169 studio:
706 2064 771 2173 qi
788 2087 931 2177 praeter
946 2063 1037 2152 alias
1056 2066 1235 2166 virtutes,
1263 2082 1305 2158 et'
1318 2067 1399 2154 cle·
1475 2165 1480 2175 ‚

85 2180 263 2288 mentium
292 2203 333 2272 et
354 2179 676 2286 moderationem
703 2203 744 2266 et
768 2177 1083 2268 munificentiam
1099 2209 1218 2295 ,pene
1242 2183 1402 2298 regiani

85 2293 271 2406 adiunxit(
310 2295 586 2426 Elegantiores
601 2295 749 2382 litteras
765 2295 1002 2412 etreliquas.
1017 2293 1238 2408 disciplinas
1255 2298 1400 2384 voiun-

83 2429 157 2498 tate
181 2429 318 2528 ‘emper
334 2412 571 2526 complexus
590 2411 645 2498 est
660 2409 943 2526 benignissima,
972 2410 1098 2526 iisque
1113 2411 1293 2520 juvandis
1308 2413 1398 2499 Co·

82 2525 115 2610 ni
157 2527 286 2645 berg-e
315 2527 556 2642 academiam
588 2521 787 2640 fundavit,
816 2527 872 2614 Μ.
891 2525 1121 2616 mxu-v.
1151 2555 1196 2634 ¹7·
1214 2527 1398 2642 Augusti,

140 2671 226 2754 sea
249 2646 289 2732 in
312 2669 355 2732 re
376 2641 605 2779 administro
631 2645 835 2776 precipuo
853 2641 977 2754 ‘Geor
1005 2640 1048 2728 io
1072 2631 1242 2742 Sabino,
1283 2641 1396 2776 eujus

82 2755 1397 2996 ttt‘tttiitrdtttiiiiiiii?’ttttmttniii‘ntn

79 2987 335 3110 posteritatem
355 2991 597 3106 duraturum.
642 2980 882 3078 Aiiudioin
899 2987 1087 3076 homines
1105 2987 1265 3086 domos,
1281 2989 1397 3106 quod

81 3104 258 3215 quamdiu
274 3109 315 3194 in
331 3103 521 3206 vita'fuit,
556 3103 659 3194 dese
677 3101 892 3193 mirificum
909 3130 956 3191 et
979 3105 1181 3218 prolixum
1206 3106 1398 3218 praeiiitit,

81 3214 306 3312 hitertatim
329 3223 513 3310 exomni
543 3248 647 3336 pene
663 3221 878 3310 Germania
906 3219 1066 3314 adeum
1097 3219 1395 3322 confluxerunt,

9 3389 10 3392 κ
80 3335 212 3444 quibus
233 3363 274 3426 et
297 3333 522 3452 perfugium
543 3361 584 3425 et
608 3335 825 3450 hospitium
851 3333 975 3423 dedit.
1033 3333 1171 3454 Edidit
1189 3337 1392 3424 orationes

79 3449 121 3534 ali
173 3477 229 3552 ot,
256 3453 400 3572 quibus
416 3454 467 3540 de
487 3477 617 3540 morte
634 3453 829 3565 Principis
844 3449 958 3558 huius
976 3449 1212 3565 explicatur,
1243 3475 1283 3536 et
1302 3453 1392 3539 vitae
1470 3451 1493 3492 ·’

77 3477 224 3658 himmtia
238 3563 694 3690 breviterpe‘rsttingitur
712 3567 843 3681 David
861 3565 1036 3670 Voitus,
1076 3561 1232 3654 Dotior
1246 3561 1388 3652 Theo·

75 3676 193 3792 iogus.
248 3685 440 3772 Ptaedicat
457 3688 576 3772 etiam
593 3679 805 3796 iuiiiffimus
832 3680 915 3792 ejus
938 3680 1074 3768 laudes
1090 3681 1289 3794 poematis
1315 3679 1411 3768 suis¹

76 3797 199 3906 pamm
215 3799 393 3904 Sabinus.
410 3871 414 3878 .
434 3795 822 3912 .Circumferturque
847 3823 941 3884 cum
1003 3797 1123 3883 rimis*
1138 3795 1392 3885 iuc'uientum

75 3929 151 4000 tam
168 3915 217 4002 de
233 3915 389 4038 Alberti
406 3907 524 4030 duam
544 3917 596 4003 de
612 3912 791 4027 conjugis
801 3915 928 4000 Annae
941 3825 1075 4032 imriae
1091 3911 1208 4003 obitu
1225 3937 1392 4018 carmen

77 4025 146 4115 viri
158 4020 342 4148 equestris
357 4026 574 4121 nobilitatis
585 4027 773 4120 friderici
790 4023 967 4120 Nostitii.
1056 4091 1061 4098 -
1146 4141 1152 4153 .
1380 4060 1383 4072 ·

1155 4253 1391 4368 ‘Ioannes
1488 4275 1571 4380 ζΙ
1658 4286 1677 4306 “

1225 4443 1229 4454 .
1480 4445 1492 4482 Ν
1701 4445 1705 4452 .
