3600 4692
203 339 207 344 ·
245 261 727 381 OmerurssSrrnr-rs
761 285 1200 376 Branoau'unoron.
1301 308 1392 411 207

102 475 567 595 pullulatir'ssipfios‘Caesar
586 481 744 584 annuit,
772 491 868 566 -arre
890 479 1109 568 hacutirur.
1166 484 1405 577 Vomerem

99 595 343 682 libricari'fibi
361 609 664 681 erraurocurar:
706 591 944 706 qnemyeste
967 595 1176 694 occulens,
1208 599 1391 688 meridia·

98 734 353 820 notempore‚
383 701 1009 816 cumCaesarsomnumcaperet,
1077 736 1118 792 er
1141 709 1282 820 praedia
1311 715 1386 802 cir·
1435 763 1439 772 ·

96 817 295 907 cumducir.
355 821 421 904 Ad
443 819 527 942 ltere
551 815 705 903 diverfis
725 818 830 905 locis
852 845 980 931 equos
1000 737 1187 932 dillonit:
1210 823 1387 935 Qibus

95 931 264 1020 delalittis
286 930 392 1018 forre
414 933 454 1016 in
471 956 620 1043 equam
646 931 804 1031 incidit,
839 953 883 1017 ut
906 959 951 1018 ea
978 957 1158 1020 montem
1184 939 1383 1047 quendam

94 1047 346 1160 obequitaret:
390 1043 457 1129 Eo
475 1044 544 1130 ubi
561 1042 725 1142 accelirr,
752 1046 846 1156 cogi
861 1047 1018 1155 equari
1034 1046 1139 1132 nulla
1154 1049 1309 1161 potuit,
1336 1075 1385 1140 ut

94 1159 306 1257 ascenderet,
335 1179 377 1244 et
391 1159 553 1244 retinuit
566 1157 616 1242 ab
633 1183 684 1241 eo
706 1179 849 1244 eventu
866 1183 984 1244 mons
999 1187 1169 1255 nomen,
1198 1186 1244 1246 ut
1259 1161 1386 1276 Equae

92 1274 282 1359 diceretur.
355 1269 529 1356 Incidere
562 1269 680 1356 etiam
712 1267 806 1357 inde
848 1271 1105 1384 Ravesburgii
1134 1272 1319 1388 Dynallae
1340 1277 1407 1364 in.

92 1381 184 1472 hunc
199 1382 438 1480 sermonem,
467 1381 570 1468 nulla
587 1409 658 1498 eoa
676 1382 893 1470 neceffirate
910 1384 1002 1494 cogi
1022 1383 1148 1495 polii,
1178 1409 1223 1472 nt
1237 1413 1382 1502 equam

91 1495 348 1584 conscendant.
413 1497 563 1581 Interea
584 1497 775 1585 excitatur
800 1525 822 1583 a
843 1493 993 1582 somno·
1007 1493 1154 1582 Ceasar:
1187 1501 1236 1612 ad
1259 1527 1382 1614 quem

91 1635 349 1695 cumvomere
364 1605 433 1694 suo
450 1609 531 1694 adit
544 1607 760 1712 Henticns,
789 1609 1063 1700 er-verecunde
1077 1608 1279 1706 inllat,'ut
1293 1637 1380 1725 quae

89 1720 317 1832 promifillet,
353 1719 566 1832 praellaret,
598 1742 639 1805 et
662 1721 831 1808 Caesarea
857 1721 1088 1807 auctoritate
1112 1721 1397 1812 confirmarer·

89 1835 223 1922 Vrebar
240 1859 325 1920 non
343 1833 441 1918 nihil
452 1833 666 1932 Caesarem,
696 1835 813 1947 ‘quod
844 1833 925 1918 alin
947 1833 1242 1920 circumventus
1265 1835 1377 1924 ellett

88 1971 205 2034 tamen
222 1943 475 2060 ¹promillut'n'·
498 1947 836 2035 intervertendum
865 1945 944 2032 srbi.
964 1974 1048 2032 non
1065 2021 1069 2028 .
1085 1945 1295 2047 existimat,
1334 1971 1378 2038 et

87 2058 252 2145 Henrico
270 2087 396 2169 agros,
425 2085 528 2176 quos
544 2049 814 2172 obequitasset,
842 2057 1013 2171 largitur.
1069 2059 1166 2146 lude
1185 2058 1376 2176 Dynalla·

87 2199 164 2258 rom
179 2172 423 2282 Ravesbutgi·
435 2173 572 2258 titulus
589 2194 628 2259 er
645 2199 792 2264 nomen
817 2175 957 2282 coepit.
1011 2171 1111 2258 Hoc
1134 2174 1239 2258 enim
1256 2177 1377 2286 oppi-

85 2284 169 2370 dum
191 2309 277 2370 rum
300 2285 480 2370 Heutico
504 2281 629 2386 cellit,
666 2309 875 2396 propterea
903 2283 1016 2394 quod
1046 2283 1128 2368 hoc
1153 2285 1272 2396 etiam
1300 2289 1375 2373 cir·

86 2395 272 2482 cumiillet.
329 2399 460 2482 Antea
482 2398 532 2482 ab
549 2394 712 2482 Altotfo
735 2395 1110 2491 denominabantur,
1146 2397 1258 2507 quod
1310 2395 1401 2509 agis

83 2537 220 2594 nomen
237 2505 302 2594 est.
359 2507 466 2594 Editi
480 2505 624 2593 familia
639 2507 705 2596 illa
720 2506 828 2594 fuere
845 2507 981 2593 fratres·
997 2526 1096 2598 tresr
1119 2425 1378 2620 Rudolpllus,

82 2617 486 2718 Welfus,Contadus.'
528 2621 586 2706 Hi
610 2623 650 2706 in
678 2621 887 2731 imperium
915 2619 1103 2716 Henrici,
1139 2647 1224 2732 quo
1256 2643 1374 2709 natus

80 2729 311 2820 fuitOrtro
330 2733 499 2844 Magnus
521 2730 660 2834 Caesar,
688 2735 880 2818 conditor
893 2730 1168 2844 Magdebutgi,
1189 2733 1376 2826 incidere.

80 2841 284 2932 Conradus
299 2842 531 2932 consecutus
547 2846 601 2930 est
618 2844 900 2957 Episcopatum
918 2842 1374 2940 Conllantienlem,cum

79 2957 212 3044 eodem
239 2979 424 3070 tempore
453 2956 631 3069 Augusta
662 2953 904 3070 Episcopum
936 2955 1098 3042 haberet
1124 2957 1373 3047 Vdalticum.

80 3067 247 3184 Vterque
259 3066 438 3182 singulari
453 3071 609 3182 pietatis
624 3096 664 3156 et
680 3069 872 3185 sapientire
895 3069 997 3156 fama
1012 3069 1160 3157 claruit.
1216 3069 1373 3164 Rudol·

76 3175 267 3272 fusfilium
280 3184 504 3296 procreavit
519 3183 712 3285 welfum,
749 3182 900 3270 welfus
915 3180 1034 3295 filiam
1049 3181 1262 3271 Cunizrnt.
1410 3255 1413 3264 .
1496 3217 1504 3226 ·

219 3405 322 3493 Haec
336 3406 470 3496 Azoni
492 3408 715 3496 Marchioni
740 3407 1051 3522 Longobardico
1074 3407 1295 3510 collocata,
1323 3403 1369 3494 fi·

76 3516 548 3609 liumenixaellw'elfum
566 3520 769 3608 leniorem.
827 3521 1078 3635 QriJudirha
1095 3520 1369 3606 Flandriaeco-
1481 3597 1484 3603 .

75 3635 172 3718 mitis
184 3631 282 3728 filia,
319 3661 406 3746 quae
417 3657 508 3738 ante
523 3663 616 3720 cum
629 3635 739 3746 Rege
754 3637 909 3833 Ari-{lic
926 3630 1070 3733 fuillet,
1100 3625 1224 3718 uxore
1242 3633 1373 3730 dueta,

75 3739 169 3831 filios
185 3744 521 3857 reliquitwelfirm
536 3748 729 3852 juniorem
748 3757 788 3832 ei
848 3750 1038 3832 enricum.
1093 3741 1229 3831 welfo
1243 3741 1368 3830 locia-

75 3879 132 3939 tur
146 3857 403 3946 matrimonio
419 3857 610 3945 Mathilda
629 3859 951 3970 Longobardica:
995 3858 1058 3942 cui
1075 3857 1222 3970 absque
1237 3855 1369 3942 liberis
1397 3885 1400 3890 ·
1481 3865 1491 3882 ⁴

69 3963 252 4060 deluniio
267 3965 440 4060 luecelltt
455 3971 653 4062 Henricus
667 3963 798 4064 frater.
851 3972 967 4063 Huic
976 3967 1108 4088 nupfit
1121 3966 1370 4066 wolfhildis,

1167 4109 1171 4122 ·
1227 4081 1370 4195 Magni
1485 4185 1490 4194 Ι
1581 4127 1583 4134 ’
