<?xml version="1.0" encoding="UTF-8"?>
<!DOCTYPE html PUBLIC "-//W3C//DTD XHTML 1.0 Transitional//EN"
    "http://www.w3.org/TR/xhtml1/DTD/xhtml1-transitional.dtd">
<html xmlns="http://www.w3.org/1999/xhtml" xml:lang="en" lang="en">
 <head>
  <title>
</title>
<meta http-equiv="Content-Type" content="text/html;charset=utf-8" />
  <meta name='ocr-system' content='tesseract 3.04.00' />
  <meta name='ocr-capabilities' content='ocr_page ocr_carea ocr_par ocr_line ocrx_word'/>
</head>
<body>
  <div class='ocr_page' id='page_1' title='image "./scriptoresrerum01wintgoog_0273.png"; bbox 0 0 3566 4682; ppageno 0'>
   <div class='ocr_carea' id='block_1_1' title="bbox 387 219 1308 372">
    <p class='ocr_par' dir='ltr' id='par_1_1' title="bbox 387 219 1308 372">
     <span class='ocr_line' id='line_1_1' title="bbox 387 219 1308 372; baseline -0.017 -26"><span class='ocrx_word' id='word_1_1' title='bbox 387 273 481 372; x_wconf 80' lang='lat'>240</span> <span class='ocrx_word' id='word_1_2' title='bbox 648 219 653 230; x_wconf 26' lang='lat' dir='ltr'>l</span> <span class='ocrx_word' id='word_1_3' title='bbox 793 241 1008 332; x_wconf 75' lang='lat' dir='ltr'>Rrrurxr</span> <span class='ocrx_word' id='word_1_4' title='bbox 1044 242 1308 331; x_wconf 69' lang='lat' dir='ltr'>Rarrrrccrr</span> 
     </span>
    </p>
   </div>
   <div class='ocr_carea' id='block_1_2' title="bbox 146 437 1778 4158">
    <p class='ocr_par' dir='ltr' id='par_1_2' title="bbox 146 437 1778 4158">
     <span class='ocr_line' id='line_1_2' title="bbox 389 437 1694 648; baseline 0.001 -112"><span class='ocrx_word' id='word_1_5' title='bbox 389 474 486 648; x_wconf 42' lang='lat' dir='ltr'>nnat,</span> <span class='ocrx_word' id='word_1_6' title='bbox 523 439 608 530; x_wconf 83' lang='lat' dir='ltr'>sana</span> <span class='ocrx_word' id='word_1_7' title='bbox 631 447 681 529; x_wconf 75' lang='lat' dir='ltr'>et&#39;</span> <span class='ocrx_word' id='word_1_8' title='bbox 702 439 909 546; x_wconf 83' lang='lat' dir='ltr'>moderata</span> <span class='ocrx_word' id='word_1_9' title='bbox 936 437 1095 526; x_wconf 80' lang='lat' dir='ltr'>consilia</span> <span class='ocrx_word' id='word_1_10' title='bbox 1130 437 1437 548; x_wconf 82' lang='lat' dir='ltr'>interturballet,</span> <span class='ocrx_word' id='word_1_11' title='bbox 1472 471 1523 532; x_wconf 82' lang='lat' dir='ltr'>ac</span> <span class='ocrx_word' id='word_1_12' title='bbox 1548 471 1694 561; x_wconf 82' lang='lat' dir='ltr'>pervet-</span> 
     </span>
     <span class='ocr_line' id='line_1_3' title="bbox 390 583 1414 654; baseline -0.009 -3"><span class='ocrx_word' id='word_1_13' title='bbox 390 589 422 654; x_wconf 89' lang='lat' dir='ltr'>tr</span> <span class='ocrx_word' id='word_1_14' title='bbox 450 583 499 648; x_wconf 88' lang='lat' dir='ltr'>et.</span> <span class='ocrx_word' id='word_1_15' title='bbox 1127 611 1131 624; x_wconf 94' lang='lat'>·</span> <span class='ocrx_word' id='word_1_16' title='bbox 1264 593 1269 602; x_wconf 85' lang='lat'><strong>·</strong></span> <span class='ocrx_word' id='word_1_17' title='bbox 1406 623 1414 642; x_wconf 91' lang='lat'><strong>.</strong></span> 
     </span>
     <span class='ocr_line' id='line_1_4' title="bbox 448 665 1692 784; baseline 0.003 -26"><span class='ocrx_word' id='word_1_18' title='bbox 448 773 451 778; x_wconf 39' lang='grc'><em>,</em></span> <span class='ocrx_word' id='word_1_19' title='bbox 538 670 653 758; x_wconf 88' lang='lat' dir='ltr'>Vixit</span> <span class='ocrx_word' id='word_1_20' title='bbox 671 665 762 779; x_wconf 80' lang='lat' dir='ltr'>poll</span> <span class='ocrx_word' id='word_1_21' title='bbox 778 666 818 752; x_wconf 93' lang='lat' dir='ltr'>id</span> <span class='ocrx_word' id='word_1_22' title='bbox 834 689 993 779; x_wconf 86' lang='lat' dir='ltr'>tempus</span> <span class='ocrx_word' id='word_1_23' title='bbox 1017 667 1066 752; x_wconf 87' lang='lat' dir='ltr'>ad</span> <span class='ocrx_word' id='word_1_24' title='bbox 1081 691 1207 752; x_wconf 86' lang='lat' dir='ltr'>annos</span> <span class='ocrx_word' id='word_1_25' title='bbox 1231 667 1418 784; x_wconf 84' lang='lat' dir='ltr'>quinque.</span> <span class='ocrx_word' id='word_1_26' title='bbox 1476 671 1631 760; x_wconf 82' lang='lat' dir='ltr'>Etcum</span> <span class='ocrx_word' id='word_1_27' title='bbox 1647 701 1692 762; x_wconf 85' lang='lat' dir='ltr'>eo</span> 
     </span>
     <span class='ocr_line' id='line_1_5' title="bbox 257 777 1694 903; baseline -0.001 -27"><span class='ocrx_word' id='word_1_28' title='bbox 257 807 280 897; x_wconf 60' lang='lat' dir='ltr'><em>J</em></span> <span class='ocrx_word' id='word_1_29' title='bbox 390 789 476 886; x_wconf 84' lang='lat' dir='ltr'>die,</span> <span class='ocrx_word' id='word_1_30' title='bbox 503 784 613 903; x_wconf 66' lang='lat' dir='ltr'>cuiue</span> <span class='ocrx_word' id='word_1_31' title='bbox 639 809 720 866; x_wconf 88' lang='lat' dir='ltr'>nox</span> <span class='ocrx_word' id='word_1_32' title='bbox 746 777 951 891; x_wconf 87' lang='lat' dir='ltr'>insequens</span> <span class='ocrx_word' id='word_1_33' title='bbox 979 777 1047 891; x_wconf 83' lang='lat' dir='ltr'>iplr</span> <span class='ocrx_word' id='word_1_34' title='bbox 1074 777 1199 889; x_wconf 78' lang='lat' dir='ltr'>finalis</span> <span class='ocrx_word' id='word_1_35' title='bbox 1218 783 1364 890; x_wconf 83' lang='lat' dir='ltr'>extitit,</span> <span class='ocrx_word' id='word_1_36' title='bbox 1394 789 1642 874; x_wconf 84' lang='lat' dir='ltr'>avenatione</span> <span class='ocrx_word' id='word_1_37' title='bbox 1660 793 1694 874; x_wconf 92' lang='lat' dir='ltr'>in</span> 
     </span>
     <span class='ocr_line' id='line_1_6' title="bbox 389 891 1695 1014; baseline -0.002 -25"><span class='ocrx_word' id='word_1_38' title='bbox 389 929 520 990; x_wconf 87' lang='lat' dir='ltr'>arcem</span> <span class='ocrx_word' id='word_1_39' title='bbox 537 898 789 1006; x_wconf 83' lang='lat' dir='ltr'>Copenieam</span> <span class='ocrx_word' id='word_1_40' title='bbox 814 891 983 977; x_wconf 83' lang='lat' dir='ltr'>reversus</span> <span class='ocrx_word' id='word_1_41' title='bbox 1011 894 1183 998; x_wconf 88' lang='lat' dir='ltr'>tardius,</span> <span class='ocrx_word' id='word_1_42' title='bbox 1222 894 1332 982; x_wconf 89' lang='lat' dir='ltr'>hilari</span> <span class='ocrx_word' id='word_1_43' title='bbox 1348 921 1389 981; x_wconf 89' lang='lat' dir='ltr'>et</span> <span class='ocrx_word' id='word_1_44' title='bbox 1405 899 1474 1008; x_wconf 91' lang='lat' dir='ltr'>pio</span> <span class='ocrx_word' id='word_1_45' title='bbox 1495 902 1695 1014; x_wconf 90' lang='lat' dir='ltr'>colloquio</span> 
     </span>
     <span class='ocr_line' id='line_1_7' title="bbox 304 1006 1694 1126; baseline -0.001 -24"><span class='ocrx_word' id='word_1_46' title='bbox 304 1115 308 1122; x_wconf 25' lang='lat'>¹</span> <span class='ocrx_word' id='word_1_47' title='bbox 390 1045 485 1103; x_wconf 92' lang='lat' dir='ltr'>cum</span> <span class='ocrx_word' id='word_1_48' title='bbox 503 1009 743 1098; x_wconf 89' lang='lat' dir='ltr'>Conliliariis</span> <span class='ocrx_word' id='word_1_49' title='bbox 767 1034 921 1090; x_wconf 80' lang='lat' dir='ltr'>coerram</span> <span class='ocrx_word' id='word_1_50' title='bbox 941 1006 1160 1118; x_wconf 85' lang='lat' dir='ltr'>peregillet,</span> <span class='ocrx_word' id='word_1_51' title='bbox 1191 1007 1315 1126; x_wconf 77' lang='lat' dir='ltr'>iisque</span> <span class='ocrx_word' id='word_1_52' title='bbox 1337 1009 1520 1113; x_wconf 79' lang='lat' dir='ltr'>dimillrs,</span> <span class='ocrx_word' id='word_1_53' title='bbox 1548 1013 1621 1122; x_wconf 78' lang='lat' dir='ltr'>jam</span> <span class='ocrx_word' id='word_1_54' title='bbox 1651 1015 1694 1100; x_wconf 90' lang='lat' dir='ltr'>ad</span> 
     </span>
     <span class='ocr_line' id='line_1_8' title="bbox 391 1117 1695 1240; baseline -0.001 -27"><span class='ocrx_word' id='word_1_55' title='bbox 391 1129 567 1240; x_wconf 90' lang='lat' dir='ltr'>quietem</span> <span class='ocrx_word' id='word_1_56' title='bbox 584 1123 618 1208; x_wconf 86' lang='lat' dir='ltr'>le</span> <span class='ocrx_word' id='word_1_57' title='bbox 633 1117 925 1228; x_wconf 78' lang='lat' dir='ltr'>compositurus</span> <span class='ocrx_word' id='word_1_58' title='bbox 943 1149 962 1204; x_wconf 89' lang='lat' dir='ltr'>a</span> <span class='ocrx_word' id='word_1_59' title='bbox 981 1120 1154 1234; x_wconf 83' lang='lat' dir='ltr'>religiosa</span> <span class='ocrx_word' id='word_1_60' title='bbox 1179 1124 1323 1208; x_wconf 85' lang='lat' dir='ltr'>mentis</span> <span class='ocrx_word' id='word_1_61' title='bbox 1338 1119 1548 1210; x_wconf 68' lang='lat' dir='ltr'>affetlion‘e</span> <span class='ocrx_word' id='word_1_62' title='bbox 1566 1128 1605 1212; x_wconf 91' lang='lat' dir='ltr'>in</span> <span class='ocrx_word' id='word_1_63' title='bbox 1623 1157 1695 1214; x_wconf 89' lang='lat' dir='ltr'>me-</span> 
     </span>
     <span class='ocr_line' id='line_1_9' title="bbox 391 1231 1695 1352; baseline -0.001 -25"><span class='ocrx_word' id='word_1_64' title='bbox 391 1241 629 1328; x_wconf 85' lang='lat' dir='ltr'>ditationem</span> <span class='ocrx_word' id='word_1_65' title='bbox 662 1231 845 1346; x_wconf 83' lang='lat' dir='ltr'>paffionis</span> <span class='ocrx_word' id='word_1_66' title='bbox 877 1232 943 1317; x_wconf 91' lang='lat' dir='ltr'>filii</span> <span class='ocrx_word' id='word_1_67' title='bbox 964 1233 1039 1317; x_wconf 87' lang='lat' dir='ltr'>Dei</span> <span class='ocrx_word' id='word_1_68' title='bbox 1065 1231 1288 1344; x_wconf 85' lang='lat' dir='ltr'>prolapsus,</span> <span class='ocrx_word' id='word_1_69' title='bbox 1319 1237 1409 1347; x_wconf 90' lang='lat' dir='ltr'>quia</span> <span class='ocrx_word' id='word_1_70' title='bbox 1425 1236 1560 1326; x_wconf 90' lang='lat' dir='ltr'>haberi</span> <span class='ocrx_word' id='word_1_71' title='bbox 1577 1241 1695 1352; x_wconf 72' lang='lat' dir='ltr'>pielor</span> 
     </span>
     <span class='ocr_line' id='line_1_10' title="bbox 390 1345 1694 1464; baseline 0 -26"><span class='ocrx_word' id='word_1_72' title='bbox 390 1382 477 1443; x_wconf 94' lang='lat' dir='ltr'>non</span> <span class='ocrx_word' id='word_1_73' title='bbox 497 1373 664 1464; x_wconf 76' lang='lat' dir='ltr'>poterat,</span> <span class='ocrx_word' id='word_1_74' title='bbox 692 1346 901 1460; x_wconf 80' lang='lat' dir='ltr'>imaginem</span> <span class='ocrx_word' id='word_1_75' title='bbox 920 1345 1066 1434; x_wconf 76' lang='lat' dir='ltr'>Clarilli</span> <span class='ocrx_word' id='word_1_76' title='bbox 1089 1349 1127 1432; x_wconf 93' lang='lat' dir='ltr'>in</span> <span class='ocrx_word' id='word_1_77' title='bbox 1143 1374 1260 1432; x_wconf 89' lang='lat' dir='ltr'>cruce</span> <span class='ocrx_word' id='word_1_78' title='bbox 1278 1347 1487 1460; x_wconf 80' lang='lat' dir='ltr'>pendentis</span> <span class='ocrx_word' id='word_1_79' title='bbox 1507 1347 1569 1437; x_wconf 87' lang='lat' dir='ltr'>lua</span> <span class='ocrx_word' id='word_1_80' title='bbox 1584 1381 1694 1440; x_wconf 91' lang='lat' dir='ltr'>manu</span> 
     </span>
     <span class='ocr_line' id='line_1_11' title="bbox 391 1459 1694 1578; baseline -0.002 -23"><span class='ocrx_word' id='word_1_81' title='bbox 391 1473 433 1556; x_wconf 89' lang='lat' dir='ltr'>iu</span> <span class='ocrx_word' id='word_1_82' title='bbox 450 1491 582 1578; x_wconf 89' lang='lat' dir='ltr'>tapete</span> <span class='ocrx_word' id='word_1_83' title='bbox 600 1487 702 1548; x_wconf 86' lang='lat' dir='ltr'>creta</span> <span class='ocrx_word' id='word_1_84' title='bbox 720 1459 959 1568; x_wconf 81' lang='lat' dir='ltr'>exprelirller,</span> <span class='ocrx_word' id='word_1_85' title='bbox 991 1460 1213 1570; x_wconf 85' lang='lat' dir='ltr'>paulopost</span> <span class='ocrx_word' id='word_1_86' title='bbox 1233 1489 1350 1574; x_wconf 88' lang='lat' dir='ltr'>quarn</span> <span class='ocrx_word' id='word_1_87' title='bbox 1368 1464 1407 1546; x_wconf 94' lang='lat' dir='ltr'>in</span> <span class='ocrx_word' id='word_1_88' title='bbox 1423 1464 1570 1550; x_wconf 73' lang='lat' dir='ltr'>lenum</span> <span class='ocrx_word' id='word_1_89' title='bbox 1594 1463 1629 1552; x_wconf 88' lang='lat' dir='ltr'>se</span> <span class='ocrx_word' id='word_1_90' title='bbox 1644 1491 1694 1552; x_wconf 85' lang='lat' dir='ltr'>re·</span> 
     </span>
     <span class='ocr_line' id='line_1_12' title="bbox 391 1571 1695 1694; baseline -0.002 -27"><span class='ocrx_word' id='word_1_91' title='bbox 391 1582 568 1672; x_wconf 85' lang='lat' dir='ltr'>clinavit,</span> <span class='ocrx_word' id='word_1_92' title='bbox 604 1578 713 1688; x_wconf 86' lang='lat' dir='ltr'>quod</span> <span class='ocrx_word' id='word_1_93' title='bbox 750 1571 825 1658; x_wconf 88' lang='lat' dir='ltr'>fuit</span> <span class='ocrx_word' id='word_1_94' title='bbox 864 1573 951 1684; x_wconf 88' lang='lat' dir='ltr'>poll</span> <span class='ocrx_word' id='word_1_95' title='bbox 981 1575 1119 1674; x_wconf 73' lang='lat' dir='ltr'>horum</span> <span class='ocrx_word' id='word_1_96' title='bbox 1152 1571 1382 1670; x_wconf 86' lang='lat' dir='ltr'>secundam,</span> <span class='ocrx_word' id='word_1_97' title='bbox 1409 1572 1573 1682; x_wconf 79' lang='lat' dir='ltr'>lmorte,</span> <span class='ocrx_word' id='word_1_98' title='bbox 1618 1607 1695 1694; x_wconf 83' lang='lat' dir='ltr'>quae</span> 
     </span>
     <span class='ocr_line' id='line_1_13' title="bbox 393 1686 1696 1788; baseline -0.005 -6"><span class='ocrx_word' id='word_1_99' title='bbox 393 1695 456 1782; x_wconf 91' lang='lat' dir='ltr'>vel</span> <span class='ocrx_word' id='word_1_100' title='bbox 473 1709 520 1780; x_wconf 84' lang='lat' dir='ltr'>ex</span> <span class='ocrx_word' id='word_1_101' title='bbox 537 1694 671 1776; x_wconf 86' lang='lat' dir='ltr'>cordis</span> <span class='ocrx_word' id='word_1_102' title='bbox 694 1686 942 1783; x_wconf 81' lang='lat' dir='ltr'>resolutione,</span> <span class='ocrx_word' id='word_1_103' title='bbox 971 1690 1031 1771; x_wconf 89' lang='lat' dir='ltr'>vel</span> <span class='ocrx_word' id='word_1_104' title='bbox 1061 1687 1273 1772; x_wconf 85' lang='lat' dir='ltr'>nervorum</span> <span class='ocrx_word' id='word_1_105' title='bbox 1293 1687 1572 1788; x_wconf 66' lang='lat' dir='ltr'>obstruilione,</span> <span class='ocrx_word' id='word_1_106' title='bbox 1599 1689 1696 1780; x_wconf 69' lang='lat' dir='ltr'>fuisse</span> 
     </span>
     <span class='ocr_line' id='line_1_14' title="bbox 395 1801 1695 1912; baseline -0.005 -15"><span class='ocrx_word' id='word_1_107' title='bbox 395 1810 582 1908; x_wconf 89' lang='lat' dir='ltr'>creditur,</span> <span class='ocrx_word' id='word_1_108' title='bbox 611 1802 851 1910; x_wconf 87' lang='lat' dir='ltr'>extinguitur</span> <span class='ocrx_word' id='word_1_109' title='bbox 866 1803 1077 1911; x_wconf 87' lang='lat' dir='ltr'>repentina.</span> <span class='ocrx_word' id='word_1_110' title='bbox 1136 1803 1212 1887; x_wconf 88' lang='lat' dir='ltr'>An.</span> <span class='ocrx_word' id='word_1_111' title='bbox 1223 1801 1279 1886; x_wconf 85' lang='grc' dir='ltr'>Μ.</span> <span class='ocrx_word' id='word_1_112' title='bbox 1297 1803 1348 1887; x_wconf 92' lang='lat' dir='ltr'>D.</span> <span class='ocrx_word' id='word_1_113' title='bbox 1362 1803 1500 1888; x_wconf 86' lang='lat' dir='ltr'>LXXl.</span> <span class='ocrx_word' id='word_1_114' title='bbox 1516 1805 1601 1912; x_wconf 83' lang='lat' dir='ltr'>Jan.</span> <span class='ocrx_word' id='word_1_115' title='bbox 1616 1833 1695 1892; x_wconf 83' lang='lat' dir='ltr'>arta·</span> 
     </span>
     <span class='ocr_line' id='line_1_15' title="bbox 394 1915 1778 2032; baseline -0.004 -24"><span class='ocrx_word' id='word_1_116' title='bbox 394 1927 444 2012; x_wconf 86' lang='lat' dir='ltr'>tis</span> <span class='ocrx_word' id='word_1_117' title='bbox 463 1921 573 2032; x_wconf 88' lang='lat' dir='ltr'>supra</span> <span class='ocrx_word' id='word_1_118' title='bbox 588 1915 893 2000; x_wconf 72' lang='lat' dir='ltr'>elimailericum</span> <span class='ocrx_word' id='word_1_119' title='bbox 914 1943 1099 2025; x_wconf 85' lang='lat' dir='ltr'>magnum</span> <span class='ocrx_word' id='word_1_120' title='bbox 1118 1916 1251 2009; x_wconf 88' lang='lat' dir='ltr'>tertio,</span> <span class='ocrx_word' id='word_1_121' title='bbox 1269 1943 1363 2000; x_wconf 91' lang='lat' dir='ltr'>cum</span> <span class='ocrx_word' id='word_1_122' title='bbox 1378 1915 1695 2024; x_wconf 84' lang='lat' dir='ltr'>Septemvirrlenr</span> <span class='ocrx_word' id='word_1_123' title='bbox 1777 1969 1778 1972; x_wconf 17' lang='grc' dir='ltr'><strong><em>κ</em></strong></span> 
     </span>
     <span class='ocr_line' id='line_1_16' title="bbox 395 2026 1697 2148; baseline -0.006 -26"><span class='ocrx_word' id='word_1_124' title='bbox 395 2037 627 2148; x_wconf 85' lang='lat' dir='ltr'>dignitatem</span> <span class='ocrx_word' id='word_1_125' title='bbox 663 2026 841 2114; x_wconf 81' lang='lat' dir='ltr'>tenuiss&#39;et</span> <span class='ocrx_word' id='word_1_126' title='bbox 870 2058 929 2112; x_wconf 86' lang='lat' dir='ltr'>an.</span> <span class='ocrx_word' id='word_1_127' title='bbox 960 2057 1007 2136; x_wconf 79' lang='lat'>35.</span> <span class='ocrx_word' id='word_1_128' title='bbox 1026 2027 1295 2114; x_wconf 81' lang='lat' dir='ltr'>hebdomadas</span> <span class='ocrx_word' id='word_1_129' title='bbox 1319 2057 1366 2128; x_wconf 85' lang='lat'>25·</span> <span class='ocrx_word' id='word_1_130' title='bbox 1424 2031 1555 2116; x_wconf 86' lang='lat' dir='ltr'>Funus</span> <span class='ocrx_word' id='word_1_131' title='bbox 1575 2033 1697 2120; x_wconf 89' lang='lat' dir='ltr'>Colo·</span> 
     </span>
     <span class='ocr_line' id='line_1_17' title="bbox 395 2141 1694 2254; baseline -0.007 -17"><span class='ocrx_word' id='word_1_132' title='bbox 395 2154 501 2237; x_wconf 89' lang='lat' dir='ltr'>niam</span> <span class='ocrx_word' id='word_1_133' title='bbox 515 2147 564 2232; x_wconf 88' lang='lat' dir='ltr'>ad</span> <span class='ocrx_word' id='word_1_134' title='bbox 580 2147 752 2230; x_wconf 82' lang='lat' dir='ltr'>Suevum</span> <span class='ocrx_word' id='word_1_135' title='bbox 769 2141 983 2226; x_wconf 70' lang='lat' dir='ltr'>deduliunr</span> <span class='ocrx_word' id='word_1_136' title='bbox 1001 2141 1066 2240; x_wconf 86' lang='lat' dir='ltr'>est,</span> <span class='ocrx_word' id='word_1_137' title='bbox 1083 2143 1149 2228; x_wconf 93' lang='lat' dir='ltr'>ubi</span> <span class='ocrx_word' id='word_1_138' title='bbox 1169 2143 1233 2226; x_wconf 88' lang='lat' dir='ltr'>die</span> <span class='ocrx_word' id='word_1_139' title='bbox 1250 2141 1339 2254; x_wconf 81' lang='lat' dir='ltr'>poll</span> <span class='ocrx_word' id='word_1_140' title='bbox 1357 2169 1530 2230; x_wconf 88' lang='lat' dir='ltr'>mortem</span> <span class='ocrx_word' id='word_1_141' title='bbox 1545 2171 1593 2252; x_wconf 80' lang='lat'>23·</span> <span class='ocrx_word' id='word_1_142' title='bbox 1608 2175 1694 2240; x_wconf 82' lang='lat' dir='ltr'>con·</span> 
     </span>
     <span class='ocr_line' id='line_1_18' title="bbox 395 2253 1696 2372; baseline -0.007 -22"><span class='ocrx_word' id='word_1_143' title='bbox 395 2264 512 2350; x_wconf 87' lang='lat' dir='ltr'>ditur.</span> <span class='ocrx_word' id='word_1_144' title='bbox 552 2257 724 2346; x_wconf 87' lang='lat' dir='ltr'>·Enituit</span> <span class='ocrx_word' id='word_1_145' title='bbox 751 2258 1009 2342; x_wconf 84' lang='lat' dir='ltr'>maximarum</span> <span class='ocrx_word' id='word_1_146' title='bbox 1043 2281 1083 2341; x_wconf 91' lang='lat' dir='ltr'>et</span> <span class='ocrx_word' id='word_1_147' title='bbox 1108 2253 1264 2340; x_wconf 86' lang='lat' dir='ltr'>summo</span> <span class='ocrx_word' id='word_1_148' title='bbox 1280 2256 1465 2367; x_wconf 86' lang='lat' dir='ltr'>Principe</span> <span class='ocrx_word' id='word_1_149' title='bbox 1497 2258 1696 2372; x_wconf 87' lang='lat' dir='ltr'>dignarum</span> 
     </span>
     <span class='ocr_line' id='line_1_19' title="bbox 315 2365 1696 2484; baseline -0.004 -22"><span class='ocrx_word' id='word_1_150' title='bbox 315 2419 323 2432; x_wconf 73' lang='lat'>,</span> <span class='ocrx_word' id='word_1_151' title='bbox 392 2381 587 2464; x_wconf 73' lang='lat' dir='ltr'>virtutum</span> <span class='ocrx_word' id='word_1_152' title='bbox 607 2370 720 2462; x_wconf 85' lang='lat' dir='ltr'>fama,</span> <span class='ocrx_word' id='word_1_153' title='bbox 742 2369 826 2454; x_wconf 89' lang='lat' dir='ltr'>hoc</span> <span class='ocrx_word' id='word_1_154' title='bbox 842 2370 910 2472; x_wconf 87' lang='lat' dir='ltr'>eli,</span> <span class='ocrx_word' id='word_1_155' title='bbox 937 2365 1148 2455; x_wconf 83' lang='lat' dir='ltr'>secundum</span> <span class='ocrx_word' id='word_1_156' title='bbox 1167 2369 1396 2483; x_wconf 86' lang='lat' dir='ltr'>syncerioris</span> <span class='ocrx_word' id='word_1_157' title='bbox 1410 2371 1696 2484; x_wconf 57' lang='lat' dir='ltr'>religionum·</span> 
     </span>
     <span class='ocr_line' id='line_1_20' title="bbox 146 2479 1776 2600; baseline -0.006 -22"><span class='ocrx_word' id='word_1_158' title='bbox 146 2575 154 2591; x_wconf 77' lang='grc'><em>,</em></span> <span class='ocrx_word' id='word_1_159' title='bbox 344 2494 519 2583; x_wconf 76' lang='grc' dir='ltr'>,ἀίυηι,</span> <span class='ocrx_word' id='word_1_160' title='bbox 548 2487 749 2600; x_wconf 77' lang='lat' dir='ltr'>sapientiae,</span> <span class='ocrx_word' id='word_1_161' title='bbox 777 2482 937 2590; x_wconf 73' lang='lat' dir='ltr'>justiti-e,</span> <span class='ocrx_word' id='word_1_162' title='bbox 955 2479 1213 2586; x_wconf 87' lang='lat' dir='ltr'>fortitudinis,</span> <span class='ocrx_word' id='word_1_163' title='bbox 1247 2479 1536 2582; x_wconf 71' lang='lat' dir='ltr'>beneficentia,</span> <span class='ocrx_word' id='word_1_164' title='bbox 1565 2486 1697 2571; x_wconf 91' lang='lat' dir='ltr'>mode·</span> <span class='ocrx_word' id='word_1_165' title='bbox 1775 2591 1776 2594; x_wconf 4' lang='grc' dir='ltr'><strong><em>Ν</em></strong></span> 
     </span>
     <span class='ocr_line' id='line_1_21' title="bbox 271 2593 1696 2710; baseline -0.006 -18"><span class='ocrx_word' id='word_1_166' title='bbox 271 2667 273 2672; x_wconf 90' lang='grc'><strong>-</strong></span> <span class='ocrx_word' id='word_1_167' title='bbox 397 2605 578 2692; x_wconf 87' lang='lat' dir='ltr'>rationis:</span> <span class='ocrx_word' id='word_1_168' title='bbox 622 2600 764 2710; x_wconf 90' lang='lat' dir='ltr'>quibus</span> <span class='ocrx_word' id='word_1_169' title='bbox 784 2597 971 2706; x_wconf 82' lang='lat' dir='ltr'>gentilitia</span> <span class='ocrx_word' id='word_1_170' title='bbox 989 2595 1055 2708; x_wconf 90' lang='lat' dir='ltr'>ipli</span> <span class='ocrx_word' id='word_1_171' title='bbox 1073 2593 1249 2680; x_wconf 81' lang='lat' dir='ltr'>lacrrndae</span> <span class='ocrx_word' id='word_1_172' title='bbox 1266 2621 1306 2682; x_wconf 91' lang='lat' dir='ltr'>et</span> <span class='ocrx_word' id='word_1_173' title='bbox 1322 2598 1497 2707; x_wconf 67' lang='lat' dir='ltr'>gratiola</span> <span class='ocrx_word' id='word_1_174' title='bbox 1514 2599 1696 2688; x_wconf 86' lang='lat' dir='ltr'>orationis</span> 
     </span>
     <span class='ocr_line' id='line_1_22' title="bbox 181 2706 1696 2830; baseline -0.003 -31"><span class='ocrx_word' id='word_1_175' title='bbox 181 2717 221 2728; x_wconf 85' lang='grc'>”</span> <span class='ocrx_word' id='word_1_176' title='bbox 275 2787 276 2792; x_wconf 9' lang='grc' dir='ltr'><strong><em>Ν</em></strong></span> <span class='ocrx_word' id='word_1_177' title='bbox 397 2708 846 2830; x_wconf 73' lang='lat' dir='ltr'>copin&#39;adjuutlaell&#39;et.</span> <span class='ocrx_word' id='word_1_178' title='bbox 905 2711 995 2825; x_wconf 80' lang='lat' dir='ltr'>Paci</span> <span class='ocrx_word' id='word_1_179' title='bbox 1023 2712 1135 2796; x_wconf 86' lang='lat' dir='ltr'>enixe</span> <span class='ocrx_word' id='word_1_180' title='bbox 1159 2706 1494 2821; x_wconf 86' lang='lat' dir='ltr'>l&#39;emperlluduit,</span> <span class='ocrx_word' id='word_1_181' title='bbox 1523 2723 1639 2825; x_wconf 81' lang='lat' dir='ltr'>quam</span> <span class='ocrx_word' id='word_1_182' title='bbox 1658 2735 1696 2796; x_wconf 93' lang='lat' dir='ltr'>ut</span> 
     </span>
     <span class='ocr_line' id='line_1_23' title="bbox 207 2820 1775 2938; baseline -0.006 -21"><span class='ocrx_word' id='word_1_183' title='bbox 207 2839 247 2852; x_wconf 84' lang='grc'>”</span> <span class='ocrx_word' id='word_1_184' title='bbox 350 2827 471 2918; x_wconf 84' lang='lat' dir='ltr'>¹suis</span> <span class='ocrx_word' id='word_1_185' title='bbox 495 2851 725 2938; x_wconf 81' lang='lat' dir='ltr'>perpetuam</span> <span class='ocrx_word' id='word_1_186' title='bbox 751 2821 942 2934; x_wconf 69' lang='lat' dir='ltr'>prestitit:</span> <span class='ocrx_word' id='word_1_187' title='bbox 971 2827 1025 2908; x_wconf 84' lang='lat' dir='ltr'>ira</span> <span class='ocrx_word' id='word_1_188' title='bbox 1050 2823 1131 2906; x_wconf 85' lang='lat' dir='ltr'>aliis</span> <span class='ocrx_word' id='word_1_189' title='bbox 1156 2821 1251 2933; x_wconf 76' lang='lat' dir='ltr'>liepe</span> <span class='ocrx_word' id='word_1_190' title='bbox 1277 2820 1442 2910; x_wconf 87' lang='lat' dir='ltr'>feliciter</span> <span class='ocrx_word' id='word_1_191' title='bbox 1468 2827 1697 2912; x_wconf 86' lang='lat' dir='ltr'>conciliavit.</span> <span class='ocrx_word' id='word_1_192' title='bbox 1774 2849 1775 2878; x_wconf 66' lang='lat'>³</span> 
     </span>
     <span class='ocr_line' id='line_1_24' title="bbox 399 2935 1695 3054; baseline -0.004 -24"><span class='ocrx_word' id='word_1_193' title='bbox 399 2942 664 3030; x_wconf 86' lang='lat' dir='ltr'>Adulationes</span> <span class='ocrx_word' id='word_1_194' title='bbox 682 2961 722 3019; x_wconf 94' lang='lat' dir='ltr'>et</span> <span class='ocrx_word' id='word_1_195' title='bbox 740 2937 966 3038; x_wconf 84' lang='lat' dir='ltr'>calumnias,</span> <span class='ocrx_word' id='word_1_196' title='bbox 994 2936 1168 3020; x_wconf 88' lang='lat' dir='ltr'>nolarum</span> <span class='ocrx_word' id='word_1_197' title='bbox 1190 2935 1327 3046; x_wconf 87' lang='lat' dir='ltr'>pelles,</span> <span class='ocrx_word' id='word_1_198' title='bbox 1348 2935 1569 3024; x_wconf 83' lang='lat' dir='ltr'>adversatur</span> <span class='ocrx_word' id='word_1_199' title='bbox 1585 2967 1695 3054; x_wconf 84' lang='lat' dir='ltr'>quarn</span> 
     </span>
     <span class='ocr_line' id='line_1_25' title="bbox 270 3047 1774 3162; baseline -0.005 -21"><span class='ocrx_word' id='word_1_200' title='bbox 270 3071 274 3088; x_wconf 78' lang='lat'><strong>¹</strong></span> <span class='ocrx_word' id='word_1_201' title='bbox 338 3050 676 3143; x_wconf 69' lang='lat' dir='ltr'>‘&#39;maxime‘fuit.</span> <span class='ocrx_word' id='word_1_202' title='bbox 732 3051 774 3134; x_wconf 90' lang='lat' dir='ltr'>ln</span> <span class='ocrx_word' id='word_1_203' title='bbox 792 3075 891 3160; x_wconf 85' lang='lat' dir='ltr'>opes</span> <span class='ocrx_word' id='word_1_204' title='bbox 913 3047 1169 3134; x_wconf 85' lang='lat' dir='ltr'>cumulandas</span> <span class='ocrx_word' id='word_1_205' title='bbox 1197 3079 1397 3162; x_wconf 87' lang='lat' dir='ltr'>nunquam</span> <span class='ocrx_word' id='word_1_206' title='bbox 1415 3051 1611 3158; x_wconf 86' lang='lat' dir='ltr'>incubuit,</span> <span class='ocrx_word' id='word_1_207' title='bbox 1641 3051 1696 3140; x_wconf 89' lang='lat' dir='ltr'>led</span> <span class='ocrx_word' id='word_1_208' title='bbox 1773 3079 1774 3096; x_wconf 54' lang='lat'><strong>³</strong></span> 
     </span>
     <span class='ocr_line' id='line_1_26' title="bbox 399 3159 1695 3283; baseline -0.005 -30"><span class='ocrx_word' id='word_1_209' title='bbox 399 3162 556 3283; x_wconf 82' lang='lat' dir='ltr'>profusa</span> <span class='ocrx_word' id='word_1_210' title='bbox 582 3189 621 3248; x_wconf 90' lang='lat' dir='ltr'>et</span> <span class='ocrx_word' id='word_1_211' title='bbox 645 3163 762 3249; x_wconf 86' lang='lat' dir='ltr'>obvia</span> <span class='ocrx_word' id='word_1_212' title='bbox 786 3164 825 3246; x_wconf 86' lang='lat' dir='ltr'>in</span> <span class='ocrx_word' id='word_1_213' title='bbox 846 3167 1008 3274; x_wconf 80' lang='lat' dir='ltr'>quosvis</span> <span class='ocrx_word' id='word_1_214' title='bbox 1039 3159 1308 3248; x_wconf 79' lang='lat' dir='ltr'>munificentia</span> <span class='ocrx_word' id='word_1_215' title='bbox 1334 3166 1485 3258; x_wconf 85' lang='lat' dir='ltr'>extitit,</span> <span class='ocrx_word' id='word_1_216' title='bbox 1516 3192 1608 3252; x_wconf 83' lang='lat' dir='ltr'>vero</span> <span class='ocrx_word' id='word_1_217' title='bbox 1633 3164 1695 3250; x_wconf 88' lang='lat' dir='ltr'>suo</span> 
     </span>
     <span class='ocr_line' id='line_1_27' title="bbox 399 3274 1773 3394; baseline -0.009 -28"><span class='ocrx_word' id='word_1_218' title='bbox 399 3280 586 3394; x_wconf 91' lang='lat' dir='ltr'>exemplo</span> <span class='ocrx_word' id='word_1_219' title='bbox 616 3279 841 3389; x_wconf 86' lang='lat' dir='ltr'>exprimens</span> <span class='ocrx_word' id='word_1_220' title='bbox 864 3277 924 3370; x_wconf 84' lang='lat' dir='ltr'>id,</span> <span class='ocrx_word' id='word_1_221' title='bbox 960 3275 1070 3390; x_wconf 88' lang='lat' dir='ltr'>quod</span> <span class='ocrx_word' id='word_1_222' title='bbox 1103 3275 1222 3360; x_wconf 86' lang='lat' dir='ltr'>habet</span> <span class='ocrx_word' id='word_1_223' title='bbox 1247 3274 1359 3362; x_wconf 83' lang='lat' dir='ltr'>Arist.</span> <span class='ocrx_word' id='word_1_224' title='bbox 1383 3277 1515 3376; x_wconf 83' lang='lat' dir='ltr'>Ethic.</span> <span class='ocrx_word' id='word_1_225' title='bbox 1541 3281 1696 3366; x_wconf 73' lang='lat' dir='ltr'>Nicone</span> <span class='ocrx_word' id='word_1_226' title='bbox 1772 3329 1773 3354; x_wconf 68' lang='grc'>,</span> 
     </span>
     <span class='ocr_line' id='line_1_28' title="bbox 397 3392 1694 3515; baseline -0.007 -32"><span class='ocrx_word' id='word_1_227' title='bbox 397 3397 484 3483; x_wconf 79' lang='lat' dir='ltr'>Lll).</span> <span class='ocrx_word' id='word_1_228' title='bbox 500 3427 520 3480; x_wconf 87' lang='grc'>1.</span> <span class='ocrx_word' id='word_1_229' title='bbox 550 3421 634 3501; x_wconf 70' lang='lat' dir='ltr'>mp.</span> <span class='ocrx_word' id='word_1_230' title='bbox 648 3421 687 3498; x_wconf 82' lang='lat'>13.</span> <span class='ocrx_word' id='word_1_231' title='bbox 714 3401 905 3498; x_wconf 65' lang='grc' dir='ltr'>ὁπεριβολὴ</span> <span class='ocrx_word' id='word_1_232' title='bbox 929 3397 1001 3515; x_wconf 62' lang='grc' dir='ltr'>χεὶρ</span> <span class='ocrx_word' id='word_1_233' title='bbox 1024 3392 1146 3496; x_wconf 59' lang='lat' dir='ltr'>niptris</span> <span class='ocrx_word' id='word_1_234' title='bbox 1174 3401 1214 3479; x_wconf 73' lang='lat' dir='ltr'>ri</span> <span class='ocrx_word' id='word_1_235' title='bbox 1237 3393 1561 3485; x_wconf 62' lang='lat' dir='ltr'>adventinensi:</span> <span class='ocrx_word' id='word_1_236' title='bbox 1594 3395 1694 3478; x_wconf 79' lang='lat' dir='ltr'>Cum</span> 
     </span>
     <span class='ocr_line' id='line_1_29' title="bbox 397 3503 1772 3624; baseline -0.006 -29"><span class='ocrx_word' id='word_1_237' title='bbox 397 3512 559 3624; x_wconf 87' lang='lat' dir='ltr'>quidem</span> <span class='ocrx_word' id='word_1_238' title='bbox 578 3505 852 3620; x_wconf 82' lang='lat' dir='ltr'>putfimoniam</span> <span class='ocrx_word' id='word_1_239' title='bbox 872 3529 912 3588; x_wconf 90' lang='lat' dir='ltr'>et</span> <span class='ocrx_word' id='word_1_240' title='bbox 928 3503 1189 3614; x_wconf 82' lang='lat' dir='ltr'>lrognlitatem</span> <span class='ocrx_word' id='word_1_241' title='bbox 1206 3504 1414 3590; x_wconf 90' lang='lat' dir='ltr'>virtutibus</span> <span class='ocrx_word' id='word_1_242' title='bbox 1430 3510 1545 3620; x_wconf 86' lang='lat' dir='ltr'>regiis</span> <span class='ocrx_word' id='word_1_243' title='bbox 1561 3533 1696 3619; x_wconf 88' lang='lat' dir='ltr'>nequa·</span> <span class='ocrx_word' id='word_1_244' title='bbox 1771 3595 1772 3600; x_wconf 8' lang='grc' dir='ltr'><strong><em>Ν</em></strong></span> 
     </span>
     <span class='ocr_line' id='line_1_30' title="bbox 398 3613 1695 3740; baseline -0.007 -30"><span class='ocrx_word' id='word_1_245' title='bbox 398 3651 517 3740; x_wconf 88' lang='lat' dir='ltr'>quam</span> <span class='ocrx_word' id='word_1_246' title='bbox 545 3618 772 3706; x_wconf 76' lang='lat' dir='ltr'>recenseret.</span> <span class='ocrx_word' id='word_1_247' title='bbox 828 3619 930 3728; x_wconf 81' lang='lat' dir='ltr'>lnrp.</span> <span class='ocrx_word' id='word_1_248' title='bbox 953 3613 1080 3704; x_wconf 77' lang='lat' dir='ltr'>Cular</span> <span class='ocrx_word' id='word_1_249' title='bbox 1102 3617 1465 3704; x_wconf 79' lang='lat' dir='ltr'>Faxorununvs</span> <span class='ocrx_word' id='word_1_250' title='bbox 1488 3646 1636 3712; x_wconf 85' lang='lat' dir='ltr'>tantum</span> <span class='ocrx_word' id='word_1_251' title='bbox 1665 3617 1695 3700; x_wconf 90' lang='lat' dir='ltr'>ei</span> 
     </span>
     <span class='ocr_line' id='line_1_31' title="bbox 397 3727 1695 3841; baseline -0.006 -15"><span class='ocrx_word' id='word_1_252' title='bbox 397 3739 547 3830; x_wconf 84' lang='lat' dir='ltr'>tribuit,</span> <span class='ocrx_word' id='word_1_253' title='bbox 579 3757 629 3819; x_wconf 89' lang='lat' dir='ltr'>ut</span> <span class='ocrx_word' id='word_1_254' title='bbox 640 3729 870 3818; x_wconf 65' lang='lat' dir='ltr'>aufloritate</span> <span class='ocrx_word' id='word_1_255' title='bbox 888 3729 968 3834; x_wconf 77' lang='lat' dir='ltr'>eius</span> <span class='ocrx_word' id='word_1_256' title='bbox 986 3755 1102 3841; x_wconf 91' lang='lat' dir='ltr'>atque</span> <span class='ocrx_word' id='word_1_257' title='bbox 1120 3728 1289 3818; x_wconf 81' lang='lat' dir='ltr'>confilin</span> <span class='ocrx_word' id='word_1_258' title='bbox 1303 3728 1408 3822; x_wconf 84' lang='lat' dir='ltr'>filios</span> <span class='ocrx_word' id='word_1_259' title='bbox 1426 3729 1514 3818; x_wconf 83' lang='lat' dir='ltr'>suos</span> <span class='ocrx_word' id='word_1_260' title='bbox 1530 3733 1629 3818; x_wconf 80' lang='lat' dir='ltr'>haut&#39;i</span> <span class='ocrx_word' id='word_1_261' title='bbox 1649 3727 1669 3818; x_wconf 84' lang='lat' dir='ltr'>s</span> <span class='ocrx_word' id='word_1_262' title='bbox 1684 3777 1695 3792; x_wconf 91' lang='lat'><strong>·</strong></span> 
     </span>
     <span class='ocr_line' id='line_1_32' title="bbox 398 3843 1696 3958; baseline -0.01 -20"><span class='ocrx_word' id='word_1_263' title='bbox 398 3880 469 3938; x_wconf 89' lang='lat' dir='ltr'>cus</span> <span class='ocrx_word' id='word_1_264' title='bbox 485 3877 530 3935; x_wconf 90' lang='lat' dir='ltr'>ac</span> <span class='ocrx_word' id='word_1_265' title='bbox 545 3845 724 3932; x_wconf 81' lang='lat' dir='ltr'>veriffimi</span> <span class='ocrx_word' id='word_1_266' title='bbox 741 3845 911 3958; x_wconf 86' lang='lat' dir='ltr'>parentis</span> <span class='ocrx_word' id='word_1_267' title='bbox 929 3847 987 3930; x_wconf 90' lang='lat' dir='ltr'>uti</span> <span class='ocrx_word' id='word_1_268' title='bbox 1008 3843 1186 3928; x_wconf 86' lang='lat' dir='ltr'>voluerit.</span> <span class='ocrx_word' id='word_1_269' title='bbox 1240 3843 1422 3953; x_wconf 75' lang='lat' dir='ltr'>Addatur</span> <span class='ocrx_word' id='word_1_270' title='bbox 1437 3843 1497 3932; x_wconf 89' lang='lat' dir='ltr'>his</span> <span class='ocrx_word' id='word_1_271' title='bbox 1521 3843 1696 3957; x_wconf 81' lang='lat' dir='ltr'>fingulrre</span> 
     </span>
     <span class='ocr_line' id='line_1_33' title="bbox 397 3953 1770 4157; baseline -0.013 -103"><span class='ocrx_word' id='word_1_272' title='bbox 397 3965 440 4054; x_wconf 93' lang='lat' dir='ltr'>id</span> <span class='ocrx_word' id='word_1_273' title='bbox 456 3989 496 4052; x_wconf 91' lang='lat' dir='ltr'>et</span> <span class='ocrx_word' id='word_1_274' title='bbox 513 3957 738 4060; x_wconf 86' lang='lat' dir='ltr'>mirificum,</span> <span class='ocrx_word' id='word_1_275' title='bbox 760 3953 1175 4075; x_wconf 71' lang='lat' dir='ltr'>,profeuumanatun</span> <span class='ocrx_word' id='word_1_276' title='bbox 1191 3979 1493 4072; x_wconf 84' lang='lat' dir='ltr'>ornamentum,</span> <span class='ocrx_word' id='word_1_277' title='bbox 1523 3957 1626 4157; x_wconf 64' lang='lat' dir='ltr'>qud</span> <span class='ocrx_word' id='word_1_278' title='bbox 1643 3982 1695 4067; x_wconf 81' lang='lat' dir='ltr'>res</span> <span class='ocrx_word' id='word_1_279' title='bbox 1769 4071 1770 4080; x_wconf 11' lang='grc' dir='ltr'><strong><em>Ν</em></strong></span> 
     </span>
     <span class='ocr_line' id='line_1_34' title="bbox 1452 4093 1696 4158; baseline -0.025 0"><span class='ocrx_word' id='word_1_280' title='bbox 1452 4123 1456 4126; x_wconf 97' lang='grc'>-</span> <span class='ocrx_word' id='word_1_281' title='bbox 1575 4093 1696 4158; x_wconf 85' lang='lat' dir='ltr'>uturas</span> 
     </span>
    </p>
   </div>
   <div class='ocr_carea' id='block_1_3' title="bbox 0 0 1800 4682">
    <p class='ocr_par' dir='ltr' id='par_1_3' title="bbox 0 0 1800 4682">
     <span class='ocr_line' id='line_1_35' title="bbox 0 0 1800 4682; baseline 0 0"><span class='ocrx_word' id='word_1_282' title='bbox 0 0 1800 4682; x_wconf 95' lang='lat' dir='ltr'> </span> 
     </span>
    </p>
   </div>
  </div>
 </body>
</html>
