3568 4684
256 369 261 412 Ι
387 315 462 402 590
623 269 1432 368 'Gorrrntnranansranr

391 479 582 578 eomnlta
598 477 637 566 vi
663 497 945 592 oppugnatum
964 480 1040 573 eit,
1071 470 1183 588 quod
1203 471 1407 586 oppidum
1434 469 1476 560 in
1491 469 1590 558 valle
1606 471 1689 582 jacet
1772 535 1774 548 .

392 602 535 718 viginti
555 594 732 686 millibus
749 589 929 704 paffuurn
953 619 974 676 a
996 587 1271 702 Norimbetg'a
1288 612 1410 680 muro
1434 614 1481 674 ac
1503 583 1597 674 folia
1618 617 1690 676 rnu-

398 722 551 823 nitunt,
569 715 610 801 in
629 737 716 827 quo
733 729 874 821 prater
888 703 1121 824 oppidanos
1130 705 1337 820 quingenti
1356 701 1517 806 millites
1532 701 1691 816 praefidio

397 838 563 925 inerant.
650 821 921 938 Oppugnatio
956 844 1133 933 quatuor
1160 817 1323 908 divetfis
1350 817 1453 904 locis
1483 819 1614 934 coepta
1640 817 1692 908 est.

398 956 663 1042 ALoEaTvs
684 937 755 1051 fibi
780 966 857 1018 um
878 938 990 1046 oppidi
1003 956 1145 1046 partem
1174 938 1294 1048 elegit.
1332 963 1398 1046 quo
1419 963 1539 1016 murus
1559 940 1694 1018 altioret

393 1069 491 1181 soffia
497 1059 703 1177 profundior
707 1055 800 1164 ficit.
858 1051 1003 1140 lninlto
1018 1049 1128 1138 faiio
1144 1050 1193 1138 ab
1213 1081 1257 1138 ea
1274 1074 1405 1166 parte,
1421 1078 1497 1164 qua
1515 1052 1694 1164 oppidum
1773 1037 1774 1102 Ν

403 1209 568 1298 captum
594 1173 668 1271 est,
703 1167 898 1259 secundus
922 1167 1183 1256 ex‘ornnibus
1210 1163 1291 1282 ipse
1314 1193 1477 1254 murum
1503 1165 1696 1266 adscendit,
1773 1217 1774 1252 ι

404 1304 447 1391 in
462 1291 662 1412 oppidum
680 1311 778 1372 vero
794 1285 951 1398 primus
976 1280 1189 1370 descendit.
1246 1281 1560 1370 Circumventus
1572 1283 1620 1386 ab
1635 1310 1696 1397 op

405 1411 560 1536 pidanis
577 1401 729 1512 tamdiu
749 1427 926 1514 pugnarn
949 1395 1146 1498 sustinuit,
1171 1394 1352 1514 quamvis
1370 1398 1411 1484 in
1428 1397 1465 1486 se
1481 1425 1605 1486 unum
1614 1398 1698 1486 mul·

408 1534 440 1622 ti
461 1516 767 1618 concurrissent,
797 1517 932 1602 donec
947 1513 1010 1600 alii
1028 1513 1270 1626 pugnantes,
1299 1513 1470 1602 decretis
1494 1503 1565 1602 fibi
1582 1541 1703 1602 muro·

291 1707 337 1734 p,
412 1673 500 1738 tum
519 1637 695 1756 partibus
711 1629 918 1744 superatis,
947 1625 1147 1742 suppetias
1161 1629 1350 1716 tulerunt.
1422 1630 1633 1743 Oppidum
1648 1657 1701 1716 ca·

410 1786 529 1881 ptum
546 1756 748 1864 direptum
767 1743 840 1842 est.
868 1745 1027 1831 feminis
1044 1743 1152 1832 nulla
1170 1746 1229 1832 vis
1244 1745 1361 1844 illata,
1381 1745 1475 1860 quia
1493 1745 1703 1860 apudTeu·

276 1937 280 1944 -
366 1899 370 1907 '
407 1899 531 1983 „tones
555 1895 633 1983 pro
650 1859 878 1974 inexpiabili
894 1857 1038 1947 scelere
1053 1857 1267 1948 habetne·
1303 1860 1357 1948 Et
1372 1861 1487 1976 qood
1515 1859 1703 1978 magnei,

413 1983 593 2081 adversus
612 1979 723 2068 hunc
738 1977 1019 2077 Aroanrvtr
1039 1975 1320 2064 Marchionem
1334 1973 1703 2090 Brandeborgensenr

378 2151 383 2156 ·
416 2127 567 2196 ornnes
592 2094 800 2208 superioris
828 2089 1058 2178 Germaniae
1079 2091 1259 2179 civitates
1275 2089 1326 2178 ad
1342 2089 1539 2202 juvandos
1556 2093 1704 2182 Norint·

354 2233 356 2240 ‘
415 2211 623 2334 bergenses
642 2209 878 2307 statuerunt,
909 2206 1132 2321 quibueille
1150 2206 1558 2316 bellumlindixerat„
1596 2208 1705 2296 Cum·

411 2357 498 2456 'qne
525 2317 757 2441 nonterosus
788 2323 984 2410 exercitos
1019 2319 1289 2421 instrueretur,
1334 2311 1592 2437 interrogavit
1616 2323 1705 2436 quis·

419 2455 550 2570 piam,
578 2445 627 2533 ad
641 2437 920 2557 qnffrantum
938 2436 1140 2549 populum
1156 2436 1472 2538 adversusunum
1488 2439 1706 2554 principem.

423 2595 465 2658 et
481 2593 574 2654 eutn
591 2558 755 2676 quidem
772 2581 856 2639 non
874 2548 1105 2640 ditissrmutn
1123 2557 1344 2642 armarent?
1382 2553 1449 2641 cui
1466 2582 1571 2642 unos
1588 2581 1633 2642 ex
1647 2553 1708 2670 pri·
1772 2629 1773 2688 t

378 2691 383 2706 ‘
421 2681 607 2772 moribus
630 2673 834 2760 civitatum
859 2691 978 2754 acute
997 2667 1221 2778 respondit:
1279 2669 1419 2781 destpt's,
1449 2678 1591 2783 inquit,
1620 2670 1708 2754 barin

422 2815 462 2887 in
487 2802 587 2884 Ara
599 2818 707 2878 onor
730 2792 826 2868 enim
844 2783 969 2889 astutia
990 2783 1245 2894 atfttritudinr
1260 2795 1411 2868 omnium
1426 2797 1617 2872 Germania
1628 2793 1709 2898 pria·

324 2971 339 3001 t
422 2931 532 3026 cipum
547 2919 640 2990 eires
656 2926 691 2988 er
708 2929 784 3012 opes
798 2909 1029 2985 continentur.
1096 2901 1358 3015 Neque-vana
1375 2929 1457 2990 vox
1478 2899 1568 2992 fixit.
1634 2901 1711 3016 Sep·

425 3057 507 3120 rent
525 3024 725 3116 etdecem
745 3017 947 3130 principes
966 3017 1008 3104 in
1023 3039 1177 3130 partem
1192 3015 1301 3122 „suam
1319 3017 1438 3105 traxit
1453 3020 1496 3104 Α·
1502 3049 1556 3106 ro
1569 3042 1709 3120 erras.

426 3143 685 3247 civitatesque
698 3134 831 3221 multis
842 3131 1121 3218 incommodis
1132 3132 1446 3245 attritas‚pacem
1458 3133 1571 3249 (quae
1585 3131 1709 3222 merito

427 3280 556 3349 mater
591 3249 726 3336 omnis
754 3245 952 3334 felicitatis'
984 3245 1229 3360 reipublicae,
1269 3247 1561 3364 quae'afinibus
1577 3247 1710 3340 nostem

427 3369 615 3487 depellir;
658 3389 824 3476 regnunt
840 3361 1144 3476 opibosauget.
1173 3363 1615 3467 ornamentisillustrat‚
1634 3391 1710 3481 pre·

429 3491 533 3580 fidiis
551 3483 725 3594 firmat),
756 3501 892 3592 petere
915 3478 1088 3594 coegit(
1115 3479 1148 3591 ).
1205 3477 1711 3596 Qibusptaecnniishojar

432 3613 657 3696 Aenean
689 3591 933 3684 illustrissima
949 3591 1127 3682 facinora
1143 3597 1365 3682 enarrabo?
1388 3597 1642 3714 ‘O'quantns
1661 3593 1712 3680 hr-

432 3748 522 3822 tos,
553 3715 619 3804 ille
644 3711 871 3802 Germania
895 3733 936 3800 er
955 3710 1136 3798 Paionia
1159 3731 1308 3812 terror·
1346 3711 1416 3826 qui
1438 3733 1522 3800 tam
1549 3705 1712 3831 profundi
1770 3801 1772 3900 1

1219 3870 1224 3878 ·
1597 3864 1601 3920 t
1641 3849 1715 3913 con·

441 3991 444 4005 ·
484 3965 549 4074 (t)
571 3963 702 4086 &neas
728 3941 945 4036 stt-rvris
974 3945 1015 4034 'r'n
1031 3953 1292 4066 narrationibus
1313 3957 1544 4038 Amant
1568 3953 1715 4038 Martin-

410 4223 418 4232 .
481 4055 1205 4254 (ι)1ῗὸζιηε3ενῐςξΐετιιηαμᾶὂὶβ.ἡίω.
1276 4155 1282 4158 ’
1365 4203 1373 4210 .
