3568 4684
280 265 567 358 'Eudousivue
604 265 875 358 Mancinus
910 271 1197 364 Buauosuu.
1315 297 1392 376 589

96 465 353 567 sonuum,
396 467 518 556 duces
548 466 838 582 Megupolitani
873 471 1151 561 louun’u'au
1179 495 1218 558 et
1245 473 1390 568 Viui-

97 611 195 672 cvu
216 583 324 671 belin
344 579 593 670 atrocissimo
609 609 835 700 premeret„
858 585 983 675 Sensit
1000 589 1392 703 quoqueOtieutalis

93 699 260 787 Francia
288 697 418 812 regina
448 697 745 810 Norimbergo‚
784 699 1030 815 Reipubsicae
1050 705 1216 791 Veneta
1247 705 1393 792 aemusa
1473 793 1477 800 ,

93 813 304 926 grauissime
314 875 326 918 ‚
357 807 608 916 difficillime,
640 840 723 898 uon
741 813 820 900 siue
843 845 1071 924 murmure3
1106 847 1189 904 non
1215 817 1294 906 siue
1318 844 1386 906 tae·

92 931 179 1029 dio,
208 931 260 1015 de
275 957 355 1042 qua
369 929 547 1043 loquitur
563 927 712 1013 AEueas
731 929 985 1060 Sylvius‘hoc
1001 935 1142 1022 modu.
1200 935 1386 1024 Acuun-

92 1072 176 1131 Tvs
201 1043 386 1132 Marchio
402 1043 784 1155 Braudenburgcuns
811 1047 1087 1157 (Teutonicus
1104 1049 1286 1138 Achilles
1299 1077 1390 1137 non

92 1159 215 1247 abste
235 1159 397 1271 didus)
421 1187 516 1245 cum
543 1155 750 1272 accepisset
774 1157 1111 1278 Noeiubetgenses
1129 1166 1387 1278 odingentos

90 1267 257 1390 equites,
296 1303 342 1362 ac
367 1274 429 1362 sex
460 1273 579 1360 millia
608 1274 887 1387 peditum,··in
905 1277 1045 1394 agium
1066 1279 1147 1392 eius
1163 1281 1387 1395 praedatum

89 1389 240 1490 misisse,
270 1390 578 1506 apudfluvium‘,
605 1417 727 1504 quem
745 1391 798 1478 illi
815 1393 1061 1482 transmissuri
1081 1423 1207 1497 erant.
1240 1397 1395 1511 equitis

90 1506 158 1592 bus
174 1531 294 1620 atque
309 1507 510 1619 peditibus
527 1531 613 1590 imo
627 1506 817 1594 duntaxat
840 1508 935 1594 loco
953 1513 1194 1610 vadabilem,
1230 1510 1382 1624 sagitta·
1463 1517 1466 1522 ’

89 1627 165 1710 rios
180 1621 282 1708 inter
296 1619 448 1708 arbosia
469 1622 666 1706 ducentos
692 1621 887 1725 collocat,
923 1625 992 1738 qui
1019 1627 1198 1740 equitatu
1222 1650 1382 1738 psaetes·
1435 1667 1445 1680 «

87 1737 195 1845 misso
212 1737 366 1852 pedites
384 1740 673 1828 vadoarceaut.
712 1789 714 1794 ,
745 1737 760 1822 s¹
789 1735 825 1822 se
849 1767 941 1826 cum
967 1739 1157 1832 seaouuis
1180 1740 1382 1854 equitibus

85 1855 272 1970 proximo
293 1853 740 1962 innemotelatitat‚mi
793 1853 1381 1971 quehostiumequitibusmox
1414 1957 1418 1968 ι

85 1969 153 2056 sese
175 1967 368 2066 ostendit,
398 1969 588 2055 steterunt
605 1969 790 2083 utrinque
821 1971 923 2056 acies
940 1973 1084 2066 medio
1107 1996 1381 2063 trecentorum

86 2085 205 2188 ferme
233 2081 412 2198 passuum
441 2084 651 2171 intervallo
679 2112 764 2170 nou
796 2082 1185 2198 smetrepidatione.
1265 2087 1383 2200 Tum

86 2197 269 2298 Marchio
285 2227 380 2289 sum
401 2197 561 2284 duobus
585 2197 802 2284 comitibus
827 2200 1066 2312 apprehensa
1086 2205 1219 2290 Lancea
1239 2202 1279 2288 in
1302 2202 1380 2286 ho·

84 2313 175 2426 dein
192 2316 369 2412 advpsat.
423 2314 655 2400 Occurrunt
672 2312 844 2398 totidem
860 2311 929 2412 sibi
944 2343 993 2402 ex
1009 2317 1188 2412 hostibus
1206 2314 1279 2404 viri
1295 2312 1377 2402 fot.-

84 2455 149 2518 tes.
177 2423 1235 2544 Marchioequit'ementn,quifibiobviosfitmedium
1253 2453 1377 2518 tauns·
1446 2523 1451 2530 ,
1494 2503 1498 2512 .

82 2544 182 2636 fodit
201 2547 430 2662 sternitque.
512 2547 572 2630 At
597 2541 815 2628 comitibus
837 2542 909 2630 suis
924 2544 982 2632 ab·
1000 2545 1083 2645 his,
1102 2545 1204 2634 'cuin
1232 2545 1382 2662 quibus

83 2661 277 2775 eongtessi
292 2653 450 2748 fuerant
464 2657 691 2772 prostratis,
721 2656 800 2771 ipse
825 2659 866 2745 in
887 2657 1380 2750 hostiumturnsumsolus

83 2779 272 2894 erumpit,
302 2778 433 2864 modo
452 2775 586 2870 istum,
616 2773 744 2860 modo
775 2773 888 2883 illum
906 2773 1092 2878 conficit,
1129 2777 1381 2900 stragemque
1527 2852 1531 2863 ,

81 2905 337 3018 noupai'sam
355 2889 475 2978 efficit
492 2892 626 2975 donec
641 2889 690 2974 ad
712 2885 816 3001 figna
844 2891 1062 3002 pervadat„
1111 2891 1194 2978 illic
1211 2913 1379 2978 centum

80 3005 118 3093 in
133 3035 223 3100 eum
240 3007 367 3124 gladii
378 3007 593 3104 nudantur,
608 3029 648 3090 et
664 3031 756 3090 cum
775 3005 955 3120 p'unsiim
972 3035 1063 3118 eum
1079 3005 1192 3096 ferire
1205 3009 1377 3120 ciccum·
1522 3007 1529 3020 ’
1613 3047 1619 3056 ·

67 3141 240 3211 uentum
266 3144 493 3237 nequeant,.
517 3122 640 3234 ignati
668 3121 852 3233 quisnam.
876 3145 983 3210 tanta
1018 3125 1206 3226 auderet,
1248 3119 1380 3209 caefim

79 3259 309 3352 remagunt.
405 3235 470 3320 siie
497 3237 742 3346 amplexatus
777 3260 947 3348 utroque
980 3237 1146 3326 brachio
1175 3239 1379 3336 vexillum,

77 3369 244 3468 nusquam
260 3353 428 3461 honestius
446 3350 623 3462 quamdiu
639 3358 785 3448 moriar,
813 3358 937 3462 inquit.
1025 3355 1135 3439 Dum
1163 3351 1266 3438 solus
1289 3351 1375 3437 haec

77 3473 211 3582 agitas,
243 3469 420 3584 reliquus
433 3461 768 3552 exercitusserme
784 3460 971 3562 ocsurrit,
989 3489 1029 3556 et
1049 3463 1162 3554 uersis
1179 3463 1373 3579 infugatn

77 3581 270 3686 hostibus,
298 3581 567 3696 semianimem
584 3579 1387 3693 ducemapudvexillumc'ompetitcon··
1493 3667 1501 3676 ,

76 3694 239 3788 siusium
264 3695 578 3814 quassatumque:
624 3693 757 3782 hostes
780 3696 972 3798 noscas,
1008 3722 1077 3785 aut
1100 3696 1225 3806 captis
1278 3687 1373 3814 suga

75 3812 292 3902 admodum
310 3839 461 3926 paucos
477 3809 621 3922 eripuit
633 3813 694 3920 (t).
749 3811 875 3897 Aliud
893 3839 1054 3926 quoque
1072 3811 1218 3898 bellum
1234 3809 1371 3904 adver,-

74 3921 500 4047 sus·Noumbcrgeuses
514 3928 657 4016 eximie
672 3921 800 4041 gessit,
821 3927 972 4054 inquo
980 3925 1309 4044 Gmuenburgum
1321 3924 1374 4010 ab

494 4130 656 4175 ,Ω
1278 4066 1447 4211 ἐο,
