3568 4684
158 267 164 280 ⁸
267 263 554 384 Euoourvra
583 273 1167 398 Mnucnr'nassnaruouuuj
1298 301 1367 414 5'75
1512 395 1517 412 ,

77 490 287 582 Suntcnim
303 490 428 580 hiviri
442 515 580 605 graves
597 486 787 591 consilio,
830 487 947 578 severi
961 492 1002 579 in
1023 493 1200 604 judiciis,
1236 497 1367 594 inad-

75 605 183 698 versrs
200 605 436 708 constantes,
465 605 691 694 infecundis
710 633 930 719 numquam
948 607 1181 712 immodici,
1210 614 1251 705 et'
1270 607 1368 706 auli·

76 723 272 837 copolitici
290 722 493 816 censendi,
522 721 746 838 linguarum
764 723 1018 834 cognitione,
1046 729 1248 840 religionis
1257 773 1272 830 ‚·
1289 759 1367 844 po.

76 839 213 938 litices,
240 838 372 950 lingua
390 834 572 934 discreta,
602 836 758 923 calamo
776 837 969 948 expedito
996 838 1200 952 rastrum(
1220 848 1246 958 ).
1304 849 1367 936 O·

74 951 225 1044 mnibus
240 952 348 1040 idem
363 949 639 1038 conservanda
664 948 853 1038 libertatis
878 963 918 1037 e't
936 957 1103 1067 augendi
1128 959 1282 1074 imperii
1307 964 1368 1049 in·

76 1065 254 1154 credibile
277 1065 333 1153 est
347 1063 540 1154 studium:
582 1067 623 1152 in
639 1064 786 1154 Senatu
814 1065 935 1154 libere
957 1093 997 1157 et
1020 1067 1157 1184 sepius
1178 1076 1369 1164 acerrimo

74 1178 272 1270 sententias
289 1179 448 1282 dicunt,
478 1182 586 1268 etita
604 1179 824 1292 respublica
841 1210 923 1268 non
949 1186 1090 1273 caduci
1103 1188 1266 1300 alicujus
1293 1190 1372 1278 ho·

74 1297 186 1384 minis
201 1297 365 1410 ingenio
382 1321 422 1384 et
438 1292 623 1400 industria
641 1295 807 1406 regitur,
847 1323 891 1383 ut
917 1297 980 1383 alii
998 1302 1265 1416 principatus,
1300 1307 1370 1422 qui
1409 1301 1426 1316 “

73 1413 261 1500 avictute
289 1411 352 1498 vel
373 1411 525 1524 ignavia
547 1411 777 1521 Principum
803 1411 1007 1498 fortunam
1034 1415 1270 1521 sortiuntur,
1306 1421 1372 1510 l'ed

73 1545 152 1615 uno
165 1551 287 1645 atque
304 1527 452 1616 eodem
477 1524 693 1612 immortali
717 1530 880 1639 pepetui
903 1526 1072 1616 Senatus
1096 1531 1264 1621 consilio
1287 1533 1370 1622 san·
1510 1534 1516 1543 ’

74 1638 231 1730 dllllime
254 1665 297 1730 et
319 1637 616 1756 prudentillime
638 1637 889 1756 gubernatur.
931 1701 948 1715 -
976 1643 1130 1731 Floruit
1153 1645 1237 1734 hoc
1257 1649 1373 1750 olim,

72 1755 186 1843 llotet
202 1757 348 1855 hodie,
377 1755 538 1844 florebit
553 1782 718 1870 quoque
733 1757 907 1862 tamdiu,
945 1761 1136 1870 quamdiu
1159 1762 1214 1850 ibi
1234 1789 1373 1878 regnat

72 1869 1377 1992 sapientia,floreteonsrlium,etilliusllatussempetetitopt'abilis

73 2011 112 2073 et
123 1985 297 2086 firmus,
325 1983 552 2100 siprivatim
573 1983 958 2101 sandeinnoxieque
973 1991 1143 2089 vivatur,
1182 2020 1229 2078 ac
1247 1993 1379 2105 publi.

71 2127 116 2190 ce
133 2103 351 2190 clementia
375 2103 504 2212 vigeat
532 2103 623 2211 (u).
678 2099 792 2197 Olim
815 2100 910 2188 huic
937 2099 1094 2214 praefuit
1117 2105 1379 2197 nobilissimus

71 2217 146 2305 Du.
164 2217 380 2322 Christianus
398 2216 608 2322 Dr‘slelmeier
632 2218 956 2320 innutabundum
978 2239 1019 2304 et
1034 2221 1248 2328 bliulssbutll
1265 2221 1380 2312 here·

70 2330 257 2432 ditatius,
291 2327 547 2446 potentillimi
564 2329 760 2423 Electoris
775 2329 1124 2439 Dn.Joun1urur-s
1154 2333 1380 2426 Gronau

71 2453 281 2562 quondam
299 2444 568 2534 Cancellarius
585 2437 860 2542 meritissimus,
882 2441 993 2552 cujus
1008 2443 1186 2533 laudes-st
1202 2449 1381 2568 persequi

70 2565 237 2661 vellem,
284 2562 479 2674 integram
524 2558 751 2646 orationem
777 2559 828 2645 de
857 2559 903 2644 iis
941 2555 1187 2649 conscribere
1217 2563 1382 2678 poliem.

69 2677 228 2768 Flotuit
247 2675 318 2763 hic
333 2677 504 2786 pietate,
530 2674 642 2790 quod
659 2667 993 2759 sumtiosrsfimum
1019 2675 1116 2762 illud
1131 2679 1383 2793 epitaphium

71 2795 112 2882 in
132 2794 305 2910 templo
320 2793 358 2878 S.
375 2789 537 2882 Nicolai
566 2783 832 2902 augustissimo
860 2787 1032 2877 Betolini
1049 2795 1224 2882 etodium
1240 2799 1384 2886 docet:

68 2908 313 2997 Flotuithic
329 2905 569 3012 liberalitate,
585 2903 727 3020 probat
742 2901 822 2991 hoc
838 2901 1037 2991 summum
1052 2907 1150 2994 illud
1166 2907 1387 3026 stipendio·

68 3051 161 3112 tum
180 3019 452 3119 beneficium,
482 3021 594 3136 quod
613 3022 827 3133 quotannis
842 3019 1042 3106 nobilibus
1056 3020 1209 3136 aliquot
1222 3026 1387 3142 aliisque

67 3137 301 3227 sauciatum
323 3136 531 3246 ¹charitunr
565 3132 916 3250 syndalliodromis
941 3137 1175 3249 porrigitur:
1233 3141 1388 3231 Floruit

66 3253 138 3360 hic
152 3253 358 3342 dodlrina
375 3249 670 3364 prudentiaque
684 3247 925 3346 celebritate,
938 3247 1180 3338 demonstrat
1194 3251 1388 3344 hoelum-

67 3399 190 3458 mum
213 3363 402 3456 officium
421 3366 456 3452 ei
472 3363 776 3452 concreditumt
823 3361 990 3459 Flotuit,
1011 3365 1123 3475 quod
1141 3363 1274 3477 primo
1289 3369 1389 3462 loco

66 3483 206 3577 suisset
224 3481 480 3598 ponendum,
497 3476 802 3595 ptole,filiabos
818 3476 976 3592 optime
992 3479 1189 3585 educatis,
1220 3509 1390 3596 quarum
1461 3547 1464 3552 ,

827 3623 829 3626 ·
869 3667 872 3672 .
1174 3675 1179 3684 ,
1314 3626 1393 3692 una

116 3730 192 3830 (t)
222 3722 414 3801 Durmde
430 3725 670 3799 Pnscouo
697 3717 1012 3826 inaulicopolirico.

119 3870 204 3974 (o)
239 3865 340 3942 Patr.
356 3864 471 3940 Audr.
488 3864 554 3942 Cn
567 3888 592 3940 u
604 3885 629 3938 o
640 3885 701 3940 urs
713 3885 766 3958 an
777 3883 852 3940 rvs
873 3854 1032 3964 inflorib.
1041 3855 1141 3961 polle.
1151 3879 1237 3964 pag.
1252 3865 1341 3965 ¹168,
1361 3883 1394 3943 ee

226 3969 488 4045 Pourorvo
514 3965 593 4042 Lib.
610 3961 683 4044 IX.
873 4003 876 4010 Δ

122 4087 240 4166 Tam.
265 4082 317 4160 ΙΙ.
342 4083 435 4170 Patr
455 4081 525 4166 IV.
772 4075 863 4160 th
892 4097 896 4104 ’
