3566 4682
272 211 302 228 ’Δ
357 255 453 371 2‘36·
757 218 975 336 Rfirueur
1012 245 1277 336 Rarrtaccrr

361 478 454 560 rege
472 446 625 535 Daniae:
650 438 802 544 Visula,
819 473 912 531 cum
930 427 1124 545 Henrico,
1144 435 1269 538 ‘Duce'
1286 439 1581 559 Megalburgio:
1595 443 1669 532 Eli·

365 565 501 650 zabeta
515 555 686 648 extindla
704 557 758 646 est
776 555 911 642 infans.
1218 641 1222 648 ,

522 676 805 783 Joacumrvs
823 673 849 755 l.
872 667 1033 756 uleuor
1057 669 1096 754 in
1112 667 1372 756 matrimonio
1392 667 1529 756 habuit
1546 669 1668 758 Eliza·

365 784 521 890 betam,
549 789 608 894 J0
620 806 779 872 annis·
793 785 892 898 regis
910 785 1121 896 Danorum
1151 779 1293 885 filiam,
1321 780 1345 866 *e
1362 811 1439 896 qua
1457 783 1566 870 liberi
1584 785 1673 870 nati:

295 931 306 940 ·
365 903 387 1013 J
397 927 649 1000 oacrumvs
666 898 706 984 ll.
736 898 988 1006 Jordan,
1014 899 1145 988 Anna,
1174 894 1401 988 Elizabeta‚
1429 896 1648 1010 Margarita.

527 1013 817 1121 Joncrrmrvs
835 1013 876 1095 ll.
899 1007 1067 1095 nascitur
1083 1038 1120 1114 9.
1132 1008 1302 1117 Januarii
1318 1009 1376 1095 M.
1385 1009 1437 1093 D.
1447 1011 1498 1096 V.
1528 1009 1673 1097 Adhuc

366 1157 465 1242 puer
480 1126 645 1212 traditur
667 1126 707 1209 in
722 1125 840 1208 bonis
858 1125 977 1208 literis
1001 1119 1297 1220 informandus,
1324 1123 1376 1207 D.
1394 1123 1572 1208 Funccio
1587 1124 1673 1232 Jure
1766 1101 1767 1170 l

282 1311 285 1318 ,
368 1238 569 1329 consulto:
598 1264 637 1323 et
655 1239 891 1323 Ausurro
913 1259 1055 1348 patruo
1072 1255 1291 1348 praeeunre,
1320 1235 1535 1345 plurimum
1552 1238 1593 1321 in
1609 1238 1675 1322 La·
1699 1243 1707 1258 ‘

367 1358 459 1442 tinre
475 1354 615 1464 linguae
634 1351 872 1461 cognitione
890 1343 1078 1460 proficit:
1117 1371 1157 1435 et
1183 1348 1232 1433 ad
1247 1347 1464 1434 leilionum
1487 1350 1676 1438 [amorum

351 1468 582 1554 'bibliorum
611 1461 769 1550 affuelit.
808 1461 1071 1576 »Adolescens
1101 1462 1315 1575 partemin
1340 1461 1467 1547 aulam
1500 1463 1677 1552 Maximi·

184 1603 191 1610 ·
277 1675 278 1680 g
369 1582 461 1670 liani
493 1581 516 1666 l.
545 1575 641 1666 Caes.
679 1579 910 1664 comitatur:
955 1575 1023 1660 ubi
1062 1573 1130 1686 ipsr
1167 1571 1356 1680 desponsa
1387 1575 1559 1689 Philippi
1593 1575 1676 1674 filia,

368 1693 528 1784 casaris
569 1693 719 1806 neptis,
746 1716 837 1776 ante
883 1690 1040 1802 nuptias
1085 1685 1180 1804 fato
1218 1685 1409 1800 fungitur.
1496 1682 1674 1782 Eundem

336 1905 339 1910 ,
371 1807 515 1896 deinde
540 1805 769 1917 adcomitia
794 1828 833 1889 et
849 1802 1004 1914 lmperii
1026 1811 1252 1886 conventus
1262 1799 1386 1910 ferme
1410 1829 1555 1887 omnes
1570 1801 1676 1892 seila·

257 1952 263 1981 ¹
371 1947 448 2021 tur,
476 1945 607 2032 eoque
624 1915 803 2001 instituto
818 1912 930 2000 usum
949 1913 1015 1999 fibi
1034 1941 1164 2000 rerum
1195 1943 1384 2024 magnum
1400 1941 1616 2026 comparat.
1767 2007 1768 2030 Ν

518 2035 644 2120 Anno
665 2029 722 2116 M.
736 2029 789 2113 D.
804 2028 993 2113 ΧΧΧΗ.
1016 2029 1302 2114 Soeumarso
1322 2029 1455 2114 Tucca
1472 2028 1578 2114 bello
1597 2033 1675 2117 Au·
1767 2031 1768 2113 l

295 2147 297 2154 ⁴
371 2145 765 2256 striamimpctente,
802 2169 895 2226 cum
927 2169 974 2226 ex
992 2141 1150 2250 lmperii
1172 2139 1345 2226 'decreto
1360 2139 1488 2227 Caesar
1517 2142 1677 2228 barbaro
1767 2169 1768 2172 ‘

372 2257 598 2354 occuriliet,
627 2257 828 2343 auxiliares
845 2255 880 2340 ei
904 2256 1056 2368 equites
1074 2255 1121 2338 ad
1138 2281 1243 2340 1000.
1266 2255 1443 2341 adducit:
1471 2280 1513 2340 et
1535 2256 1674 2369 Philip·

372 2405 429 2490 po
451 2371 630 2462 Palatino
656 2369 879 2476 adjunclus,
914 2361 1153 2468 Cason'um,'
1179 2369 1323 2454 ducem
1349 2361 1595 2471 Turcicum‚
1631 2371 1676 2456 ad

312 2573 315 2582 Α
370 2485 643 2600 Leopoldium
670 2484 797 2568 caedit.
853 2481 901 2566 ld·
911 2505 992 2566 tam
1013 2477 1302 2592 praeclariffimae
1330 2477 1576 2568 fortitudinis
1591 2480 1677 2571 faci·

373 2629 447 2690 nus
464 2597 629 2686 mirifice
638 2593 786 2680 Caelate
796 2594 1105 2702 compleilente,
1113 2594 1278 2706 cingulo
1294 2591 1458 2707 equestri
1473 2595 1653 2682 donatur.

327 2711 330 2718 ’
520 2714 645 2796 Anno
660 2707 715 2792 M
724 2708 777 2790 D.
786 2706 1292 2818 XXXV.Septemviralem
1316 2707 1435 2818 patris
1451 2706 1675 2818 dignitatem

355 2825 597 2918 ‘haereditate
616 2821 780 2928 excipit:
813 2821 996 2913 immutat
1016 2821 1264 2932 religionem,
1294 2845 1333 2904 et
1350 2821 1402 2906 ita
1417 2822 1611 2922 immutat,
1634 2843 1675 2907 ut
1768 2879 1769 2898 r

372 2939 551 3028 doclrina
576 2931 873 3018 afinitimo‘rum
896 2932 1127 3043 Principum
1141 2931 1367 3051 Theologis
1393 2931 1508 3044 plene
1530 2935 1674 3020 ctindi·
1768 2937 1769 3012 Γ

370 3049 722 3146 stinclelrumauae·
733 3073 829 3146 uero
848 3045 1082 3133 traditiones
1098 3069 1218 3157 atque
1240 3048 1336 3132 ritus
1352 3046 1468 3130 certis
1477 3049 1676 3159 ¹conditio·

371 3168 488 3256 nibus
512 3162 790 3274 probarentur:
829 3157 938 3243 Cum
966 3155 1100 3244 frustra
1116 3158 1165 3244 ab
1180 3157 1263 3249 hoc
1281 3155 1459 3245 instituto
1481 3181 1522 3244 et
1538 3162 1675 3246 Srcrs·

371 3301 598 3382 mvuuvs,
627 3299 695 3358 rex
721 3271 910 3366 Poloniae,
931 3295 972 3357 et
990 3269 1206 3382 Georgius,
1235 3273 1326 3358 Dux
1342 3271 1535 3373 Saxoniae,
1549 3271 1674 3370 soceri,

373 3422 414 3486 et
432 3397 693 3481 Anuunrvs
716 3409 876 3494 patruus
896 3411 988 3468 eum
1004 3383 1205 3469 dehortati
1221 3381 1347 3470 client.
1421 3395 1424 3398 ’

156 3585 162 3592 ,
204 3597 207 3604 ,
518 3506 643 3588 Anno
657 3499 713 3584 llll.
725 3497 900 3584 D.XLll.
917 3499 968 3582 de
988 3497 1198 3584 communi
1215 3497 1401 3582 ordinum
1411 3495 1569 3607 lmperii
1582 3523 1674 3586 ¹con·

234 3647 242 3654 ·
371 3617 479 3720 sali0,
509 3639 549 3703 et
569 3606 969 3720 voluntateCatsaris‚
999 3613 1256 3696 inconvento
1273 3607 1441 3720 Spirensr
1471 3610 1562 3704 belli
1579 3610 1675 3695 Tur·

275 3735 280 3746 '
373 3733 447 3818 cici
465 3733 684 3839 Imperator
696 3721 935 3835 deignatut:
973 3723 1074 3833 Qro
1093 3725 1133 3809 in
1152 3723 1260 3810 bello
1282 3751 1373 3808 cunr
1391 3721 1675 3810 difficultatibus

373 3849 670 3933 circumventus
695 3835 999 3948 multiplicibus,
1035 3836 1083 3923 ab
1109 3833 1222 3924 holle
1242 3862 1473 3947 recuperare
1494 3835 1569 3945 jam
1591 3856 1674 3918 ante

371 3953 601 4070 amillanon
618 3947 760 4066 pollet,
789 3949 1048 4040 uelatiusille
1070 3963 1285 4066 vagaretur,
1311 3945 1474 4062 ptaellat.
1529 3945 1673 4146 Deingle

1481 4089 1617 4153 ,ornan
1643 4087 1672 4144 ac
