3600 4692
390 175 400 212 l

261 253 265 286 ¹
367 255 454 358 162
560 227 1404 388 .PvperrVrortnurrrAuu'tuem
1510 237 1517 250 ⁰

364 475 496 550 ruunt,
537 449 757 566 intrepidus
772 445 1011 564 aggrederis,
1041 439 1256 540 semideum
1276 448 1529 556 certeteeiie
1545 451 1684 550 credo;

253 675 255 680 ἢ
340 568 556 684 'omnibus
580 597 755 682 namque
784 560 1009 668 laboribus,
1043 593 1148 680 quos
1172 564 1382 656 hominem
1406 565 1531 654 subire
1546 566 1687 666 forest,

366 683 515 795 major,
546 686 675 770 immo
691 686 830 770 co'urra
852 681 1023 788 fortunae
1047 681 1124 768 tela
1151 681 1308 780 omnia,
1331 687 1424 798 'qnae
1442 683 1598 799 reliquo
1616 683 1687 770 hu·

213 872 216 884 .
321 827 325 832 ·
364 799 653 912 mauogeneri,
683 800 738 885 dii
755 797 1014 898 immortales,
1041 823 1161 910 quam
1177 793 1445 884 formidabilia
1461 797 1567 898 sunt,
1594 797 1690 886 stare

364 939 536 1032 paratus,
565 913 690 1046 qualis
708 914 893 1020 hpdier'n
910 913 1012 1002 ludis
1030 901 1290 1044 equestribus,
1319 935 1361 1000 et
1374 911 1602 1029 gladiorum
1618 941 1688 1030 pu-

70 1039 72 1049 ’
365 1061 443 1236 prta
464 1026 716 1121 'abuniversrs
740 1026 1025 1144 spedatotibus
1049 1025 1148 1124 visus
1172 1055 1225 1114 es.
1288 1028 1399 1116 Cum
1417 1056 1538 1130 meus
1560 1027 1689 1138 frater,

291 1184 297 1196 f
385 1147 542 1262 nclytus
564 1145 862 1242 Hermetem,
891 1147 932 1230 in
958 1143 1126 1230 buccula
1141 1144 1259 1254 galee
1284 1167 1361 1232 tuae
1377 1143 1523 1232 hastam
1541 1143 1690 1250 fixiuer,

241 1287 250 1300 ‘
366 1290 452 1376 quo
473 1262 553 1348 ictu
570 1283 734 1358 omnes,
768 1263 836 1375 qui
855 1261 1027 1354 aderant,
1046 1259 1108 1371 ,de
1126 1258 1242 1346 salute
1256 1283 1327 1346 tua
1341 1259 1472 1346 artum
1489 1258 1561 1346 effe
1577 1281 1691 1348 autu·

230 1393 236 1408 '
366 1377 548 1475 mabant3
574 1400 676 1480 auctu
690 1376 820 1464 nihilo
836 1372 992 1490 segnior
1009 1371 1148 1474 fadus,
1178 1372 1333 1486 tametsi
1348 1374 1458 1489 galea
1474 1375 1516 1461 in
1531 1399 1690 1490 tempo·

335 1497 339 1502 ’
365 1521 407 1582 ra
433 1481 557 1608 usque
576 1491 726 1580 deflexa
744 1489 852 1578 effer:
892 1489 996 1608 quast
1012 1491 1126 1580 Deus
1148 1489 1304 1604 aliquis,
1341 1515 1409 1580 aut
1425 1487 1452 1577 fi
1470 1518 1553 1578 uon
1568 1491 1691 1590 Deus,

77 1619 80 1644 ¹
195 1594 224 1686 ¹.
311 1613 473 1708 'certe
495 1608 659 1696 numine
683 1605 819 1722 aliquo
845 1606 1018 1706 afflatus,
1052 1603 1271 1712 majoribus
1286 1605 1434 1693 viribus
1452 1601 1589 1694 stricto
1606 1603 1689 1701 ense

308 1791 313 1813 ‚
365 1724 449 1812 hoc
465 1725 505 1814 in
523 1726 738 1820 certamine
752 1715 983 1822 incubuisti,
1020 1744 1061 1809 et
1078 1719 1181 1835 quaii
1199 1745 1281 1808 tam
1312 1721 1422 1834 gravi
1442 1717 1522 1809 ictu
1547 1725 1690 1812 excita-

234 1855 237 1862 “
365 1864 452 1938 tus,
466 1867 565 1944 ¹unu
582 1837 690 1926 iaesus
708 1835 826 1926 fueris
846 1840 886 1948 ip
904 1867 1037 1970 pugna
1054 1837 1240 1926 corninus
1261 1833 1459 1939 conferta,
1488 1839 1601 1956 quod
1618 1838 1690 1926 uti·

231 1949 247 1962 ”
366 1984 446 2072 que
470 1953 593 2066 majus
615 1952 687 2058 esi,
718 1981 841 2078 quam
865 1971 1021 2047 eminus
1044 1951 1151 2041 hassa
1166 1952 1504 2088 rrirrcerep'quam¹
1519 1951 1637 2050 fortis
1653 1955 1691 2046 in

367 2071 487 2160 rebus
515 2069 706 2158 omnibus
735 2067 802 2171 fis,
825 2097 937 2176 *cum
966 2069 1152 2156 omnium
1174 2069 1450 2158 admiratroue
1478 2069 1691 2170 ostendisti.

367 2187 481 2301 quod
497 2181 648 2302 facinus
665 2209 747 2274 tam
764 2186 967 2300 egregium
990 2201 1115 2272 uento
1133 2185 1267 2272 bonus
1284 2182 1368 2274 non
1386 2187 1597 2299 plenoore
1611 2188 1690 2276 lau·

367 2304 496 2390 davitr
536 2321 908 2406 commemorarem·
926 2303 1009 2400 hic,
1039 2330 1117 2416 qua
1144 2303 1373 2414 prudentia,
1395 2301 1562 2414 justitia,
1583 2315 1690 2392 ‘tem-

365 2420 544 2533 perantia
569 2417 656 2508 usus
689 2433 892 2507 certamen
926 2417 1106 2521 tirbieris,
1145 2416 1214 2505 nid
1241 2447 1307 2506 me
1330 2421 1692 2537 virgineus-pudor

226 2574 228 2588 ·
364 2559 533 2636 vetarer,
569 2559 610 2622 et
626 2535 822 2621 omuibus
845 2559 1027 2645 apertum
1045 2531 1154 2632 effer,
1183 2535 1351 2652 reliquas
1369 2539 1535 2634 virtutes
1552 2563 1690 2626 exuua

364 2647 603 2757 fortitudine
619 2677 770 2736 nomen
787 2647 997 2764 sumpisse,
1023 2678 1110 2766 ·qua
1132 2672 1175 2737 tu
1195 2652 1299 2737 adeo
1316 2651 1438 2756 alios,
1469 2653 1511 2740 iu
1526 2653 1608 2742 hoc
1624 2679 1687 2739 ve·

211 2760 223 2790 ‘
338 2821 345 2846 2
365 2791 415 2852 ro
433 2765 650 2852 certamine
667 2767 802 2879 'magis
819 2763 1041 2877 prestitisti,
1071 2789 1116 2862 ut
1134 2766 1266 2855 nulius
1285 2765 1358 2854 uui
1379 2768 1595 2870 Miitiades‚
1609 2771 1690 2858 nul·

366 2879 429 2966 ius
445 2879 754 2978 Themistocles,
785 2881 914 2968 nuilus
931 2883 1247 2996 Epaminondas,
1274 2884 1405 2970 nullus
1422 2910 1687 2998 ptaeteteave·

233 3001 259 3078 ,’
365 3019 500 3082 rerum
518 2995 676 3094 Duxjac
693 2998 912 3109 imperaror
929 3000 1153 3112 comparari
1170 2999 1300 3113 poffit.
1358 2998 1534 3088 Proinde
1551 3025 1607 3107 tu,
1622 3001 1700 3116 qui'

366 3114 551 3205 omuiuar
568 3109 717 3219 judicio
734 3113 774 3198 in
791 3113 1015 3234 giadiotum
1036 3141 1172 3228 pugna
1187 3113 1397 3202 vitidriam
1413 3115 1687 3232 consequutus

260 3262 262 3270 ’
319 3333 324 3340 ⁸
365 3254 426 3322 es,
464 3225 547 3313 hoc
572 3253 675 3319 anre
692 3227 841 3342 virgine
865 3231 1122 3318 virturis'ruae
1153 3253 1345 3318 aerernum
1377 3256 1684 3321 monumentum
1792 3231 1793 3234 ‘

366 3341 582 3455 benignus,
617 3365 663 3446 ut
680 3341 1236 3442 omuia'facereconsuevisti,
1264 3347 1417 3465 accipe
1471 3347 1604 3439 Dixit:
1634 3347 1684 3436 Et

364 3459 509 3545 oeulos
524 3459 564 3544 in
582 3468 726 3548 terram
749 3461 964 3558 demittens
991 3458 1244 3554 forriffimunr
1264 3463 1492 3577 Principem
1518 3493 1681 3576 corone·

225 3624 232 3634 ·
318 3598 327 3606 ⁴
364 3575 455 3677 vit,¹
480 3569 893 3690 quopraem'iovicior
917 3577 1061 3674 uranu,
1097 3575 1364 3676 ercaiiiffimae
1382 3579 1541 3692 uirgini,
1579 3576 1683 3668 uteii

161 4047 191 4093 -·
277 4103 289 4118 ..
352 4034 620 4152 'multumque
635 4037 848 4130 odoriferis
862 4035 1030 4156 pulchre
1047 4042 1330 4166 concinnatam
1346 4045 1579 4132 cotonami
1595 4045 1680 4132 No

364 3689 723 3805 eloquentissimus,
759 3695 900 3806 gratias
923 3719 1065 3808 agens,
1094 3720 1189 3778 curn
1206 3694 1349 3791 eadem
1362 3693 1558 3786 choream
1574 3695 1681 3785 deiri·

364 3807 474 3894 ravit.
528 3807 669 3894 Tertia
682 3806 810 3908 duna,
840 3833 988 3894 certam
1013 3835 1174 3895 auream
1189 3805 1434 3902 orbifetreu
1480 3811 1538 3899 iio
1560 3812 1684 3912 affixo,

333 3948 611 4036 ¹manumque
633 3948 848 4034 contegere
871 3920 990 4010 solito
1014 3920 1205 4024 similem,
1239 3947 1280 4013 et
1309 3927 1452 4017 virenti
1510 3923 1684 4028 dherbis,

1511 4157 1681 4302 uuum
