3568 4684
256 237 540 332 Euoorrrvnr
568 233 1157 342 Maeenraaanartourtu.
1227 271 1229 280 ’
1281 261 1360 344 581

562 473 568 494 “
617 463 653 563 §-
710 458 810 548 XX.

200 625 355 716 Nonne
370 641 467 733 ergo
485 615 527 704 hi
546 645 690 708 omues
709 625 877 738 patriam
898 626 1002 716 hanc
1021 628 1112 717 saris
1136 633 1359 717 exornant?

60 749 182 834 immo
197 737 371 854 praedilli
393 733 550 848 litterari
570 734 730 823 nobiles
751 739 791 824 in
810 741 1145 832 administratione
1170 744 1357 858 reipubli-

61 886 112 947 cae
125 857 319 972 egregiam
338 872 503 966 operam
521 873 673 940 navant.
745 851 909 972 Ecquid
927 871 1031 974 opus
1050 860 1206 960 multis,
1235 859 1356 973 pluri-
1381 909 1382 916 κ

60 977 111 1062 mi
127 971 249 1059 hodie
266 993 346 1058 ram
365 962 497 1055 averso
514 991 535 1052 a
552 965 693 1054 litteris
709 963 797 1056 lunt
813 974 969 1074 animo,
997 977 1099 1062 ur'in
1116 1001 1250 1062 earum
1267 996 1357 1085 per·

62 1090 200 1184 niciem
210 1082 483 1173 Catilinariam
501 1081 821 1172 coniurationem
839 1087 977 1188 iniille,
1008 1113 1048 1177 et
1068 1088 1242 1203 vesperas
1258 1090 1357 1175 Sici·

58 1203 185 1293 lienses
199 1199 373 1288 minitari
388 1197 612 1284 videantur:
657 1223 751 1284 cum
769 1203 888 1288 eriam
909 1201 1193 1310 litteraturam,
1221 1203 1283 1289 uel
1301 1203 1356 1288 le·

58 1347 143 1408 rem
158 1341 333 1413 tautum,
372 1341 465 1400 cum
482 1311 701 1408 nobilitatis
725 1310 880 1402 laesrone
906 1321 1072 1406 minime
1096 1317 1354 1429 conjunliam

58 1430 313 1547 extemporali
344 1425 571 1544 garrulitate
605 1427 916 1546 calumnientur,
940 1457 1001 1537 ,et
1029 1433 1227 1522 litteratos
1252 1429 1358 1546 ipsos

60 1545 287 1663 compofitis
303 1545 351 1631 ad
364 1548 413 1630 de
483 1542 771 1656 damnietatis
786 1549 1013 1658 procaciter
1028 1546 1263 1634 insedentur
1282 1547 1354 1656 (e).

59 1667 260 1754 Nimirum*
276 1659 415 1746 nihile
463 1654 757 1759 tamsandum,
823 1663 905 1748 uod
918 1663 984 1750 jlli
1007 1661 1196 1750 virtutum
1220 1659 1353 1746 landa·

59 1779 195 1893 pilarii,
225 1775 397 1879 etbonaeg
413 1771 772 1874 mentisrortores,
793 1689 988 1890 lacrilego
1005 1805 1079 1863 ure
1103 1802 1188 1864 non
1213 1797 1351 1861 conta·
1417 1831 1420 1840 ψ

59 1897 223 2000 minente
266 1887 365 1977 nihil
379 1913 461 1976 ram
476 1885 702 1994 honestum,
722 1891 837 2006 quod
851 1918 935 1978 non
955 1889 1142 1980 furialiter
1161 1889 1363 1986 allatrent;‚

58 2009 146 2096 nibil
180 2032 264 2096 tam
289 2002 527 2118 pulchrum,
569 2003 685 2118 quod
716 2031 802 2118 nou
830 2007 1016 2122 improbe
1040 2003 1351 2094 commaculent.

59 2123 129 2217 sed
144 2123 239 2240 quid
253 2119 333 2235 spei
348 2140 396 2234 ert
412 2114 475 2203 his
490 2117 541 2204 ad
557 2121 683 2206 vltam'
695 2113 911 2210 humanam
929 2123 1148 2212 redundat?
1192 2147 1286 2208 cum
1299 2117 1351 2206 ad

60 2235 246 2326 summum
273 2238 436 2331 uenere,
473 2231 664 2326 homines
685 2229 775 2353 sunt
799 2234 970 2334 betacei,
1007 2235 1164 2349 Daunia
1188 2257 1351 2349 pecora,
1457 2323 1463 2330 ,

60 2351 339 2468 Margonaurae,
368 2343 747 2458 lrerbaeparieraria‚
785 2351 969 2454 macula,
992 2350 1161 2448 vibices,
1197 2371 1351 2460 etpro·
1409 2427 1415 2434 .

60 2471 168 2584 podia
181 2465 358 2560 familiae,
381 2457 582 2549 inficiandi
606 2459 769 2549 humani
784 2466 938 2577 generis
956 2467 1066 2551 odia:
1107 2491 1182 2549 nec
1201 2461 1348 2547 mirum

60 2584 218 2672 aliorum
235 2582 331 2668 odia
348 2577 441 2664 illos
455 2577 672 2674 incurrere,
708 2601 802 2664 com
819 2580 829 2663 i
861 2573 923 2665 sos
941 2576 978 2664 se
996 2579 1168 2666 oderint.
1225 2575 1349 2662 Tales

60 2695 348 2788 Manebicorum
365 2717 498 2779 mores
512 2717 597 2776 non
617 2688 738 2798 sunt,
761 2691 802 2778 hi
818 2607 909 2780 ltlnr
925 2691 1075 2802 justitie
1091 2717 1134 2782 et
1157 2685 1349 2805 requiratis

61 2801 332 2908 lludiolrsfimi,
369 2805 476 2920 apud
501 2803 579 2892 hos
600 2805 720 2892 floret
746 2806 971 2920 integritas,
1016 2809 1125 2896 lucet
1153 2800 1350 2900 honestas,
1427 2907 1429 2912 ι

60 2936 156 3042 viget
174 2953 265 3044 erga
283 2923 517 3039 peregrinos
536 2919 778 3008 humanitas:
806 2919 848 3009 hi
864 2919 949 3009 sunt
965 2924 1148 3010 omnium
1163 2913 1347 3007 honesta·

60 3049 315 3140 romaniam,
344 3035 575 3124 studiorum
587 3059 627 3122 et
642 3034 825 3144 laborum
844 3039 1032 3136 cultores,
1048 3039 1236 3125 vitiorum
1246 3057 1349 3150 quo·

59 3163 196 3246 numnis
210 3155 356 3246 olores.
410 3150 596 3238 Probitas
613 3151 719 3238 enim
736 3157 868 3264 parriae
884 3181 1002 3257 meae,
1039 3150 1144 3268 quast
1161 3150 1278 3239 arbor
1292 3142 1348 3232 est

57 3271 312 3379 floridiafima,
337 3292 443 3380 ·quae
466 3265 506 3351 in
521 3292 665 3352 omnes
686 3292 817 3378 partes
846 3267 1137 3377 pulcherrimos
1152 3267 1346 3351 virtutum

57 3415 180 3476 ramos
194 3377 388 3475 frutribus
402 3377 569 3466 onustos
585 3402 625 3463 er
640 3381 837 3489 pendulos
856 3380 1042 3492 projicit:
1089 3379 1261 3464 dedecus
1279 3375 1346 3473 est.

59 3503 119 3588 nilr
133 3501 281 3617 aliquid
297 3493 558 3606 decerpamus
577 3517 643 3580 aut
659 3495 904 3608 colligamus
962 3491 1346 3602 caffiraserprrdr‘cieia,

59 3641 137 3728 que
157 3613 343 3704 sententia
374 3608 521 3722 AEgidii
545 3603 686 3694 sodalis
709 3607 950 3696 Franciscani
975 3607 1028 3694 cll
1051 3607 1171 3693 veluti
1202 3604 1345 3692 illullre

58 3727 269 3844 speculum,
298 3724 362 3816 sed
379 3723 493 3840 quod
508 3718 594 3810 solo
610 3715 784 3810 anhelitu
802 3721 909 3810 infici
937 3752 983 3810 ac
999 3721 1183 3809 maculari
1202 3715 1344 3921 pagg.

124 3863 128 3871 ’
1330 3863 1342 3920 r

101 4036 155 4136 (e)
178 4035 378 4120 Iabloucl.
392 4058 413 4114 a
428 4029 706 4114 Gatvurrrnn
735 3970 917 4138 r'rrl’rugr.¹
937 4029 1097 4134 adCoafi
1118 4031 1247 4134 Larfir‘.
1264 4049 1284 4104 .’
