<?xml version="1.0" encoding="UTF-8"?>
<!DOCTYPE html PUBLIC "-//W3C//DTD XHTML 1.0 Transitional//EN"
    "http://www.w3.org/TR/xhtml1/DTD/xhtml1-transitional.dtd">
<html xmlns="http://www.w3.org/1999/xhtml" xml:lang="en" lang="en">
 <head>
  <title>
</title>
<meta http-equiv="Content-Type" content="text/html;charset=utf-8" />
  <meta name='ocr-system' content='tesseract 3.04.00' />
  <meta name='ocr-capabilities' content='ocr_page ocr_carea ocr_par ocr_line ocrx_word'/>
</head>
<body>
  <div class='ocr_page' id='page_1' title='image "./scriptoresrerum01wintgoog_0184.png"; bbox 0 0 3600 4692; ppageno 0'>
   <div class='ocr_carea' id='block_1_1' title="bbox 240 219 1520 377">
    <p class='ocr_par' dir='ltr' id='par_1_1' title="bbox 123 217 1520 377">
     <span class='ocr_line' id='line_1_1' title="bbox 240 219 1520 377; baseline 0.009 -33.911"><span class='ocrx_word' id='word_1_1' title='bbox 240 233 260 292; x_wconf 53' lang='lat'><em>³</em></span> <span class='ocrx_word' id='word_1_2' title='bbox 332 219 547 362; x_wconf 65' lang='lat' dir='ltr'>Bautica</span> <span class='ocrx_word' id='word_1_3' title='bbox 588 253 850 344; x_wconf 67' lang='lat' dir='ltr'>Proerna.</span> <span class='ocrx_word' id='word_1_4' title='bbox 877 251 1131 370; x_wconf 78' lang='lat' dir='ltr'>Joncuiiri·</span> <span class='ocrx_word' id='word_1_5' title='bbox 1157 259 1242 348; x_wconf 81' lang='lat'>1..</span> <span class='ocrx_word' id='word_1_6' title='bbox 1339 276 1427 377; x_wconf 83' lang='lat'>159</span> <span class='ocrx_word' id='word_1_7' title='bbox 1517 361 1520 368; x_wconf 69' lang='grc'>,</span> 
     </span>
    </p>
   </div>
   <div class='ocr_carea' id='block_1_2' title="bbox 9 435 1562 1136">
    <p class='ocr_par' dir='ltr' id='par_1_2' title="bbox 9 435 1562 1136">
     <span class='ocr_line' id='line_1_2' title="bbox 9 435 1562 563; baseline 0.006 -31"><span class='ocrx_word' id='word_1_8' title='bbox 9 469 10 474; x_wconf 62' lang='lat'>‘</span> <span class='ocrx_word' id='word_1_9' title='bbox 120 443 221 536; x_wconf 88' lang='lat' dir='ltr'>miles</span> <span class='ocrx_word' id='word_1_10' title='bbox 242 444 430 561; x_wconf 85' lang='lat' dir='ltr'>utrinque</span> <span class='ocrx_word' id='word_1_11' title='bbox 453 440 746 546; x_wconf 79' lang='lat' dir='ltr'>effunduntur,</span> <span class='ocrx_word' id='word_1_12' title='bbox 765 475 862 562; x_wconf 86' lang='lat' dir='ltr'>quas</span> <span class='ocrx_word' id='word_1_13' title='bbox 888 435 1190 563; x_wconf 82' lang='lat' dir='ltr'>propterviam</span> <span class='ocrx_word' id='word_1_14' title='bbox 1219 449 1428 540; x_wconf 90' lang='lat' dir='ltr'>domicilia</span> <span class='ocrx_word' id='word_1_15' title='bbox 1524 451 1529 457; x_wconf 76' lang='grc'><strong>’</strong></span> <span class='ocrx_word' id='word_1_16' title='bbox 1559 549 1562 556; x_wconf 59' lang='grc'>,</span> 
     </span>
     <span class='ocr_line' id='line_1_3' title="bbox 9 559 1425 684; baseline 0.003 -36"><span class='ocrx_word' id='word_1_17' title='bbox 9 611 10 614; x_wconf 27' lang='lat'>¹</span> <span class='ocrx_word' id='word_1_18' title='bbox 120 559 295 674; x_wconf 82' lang='lat' dir='ltr'>lubentes</span> <span class='ocrx_word' id='word_1_19' title='bbox 310 563 434 674; x_wconf 82' lang='lat' dir='ltr'>pueri,</span> <span class='ocrx_word' id='word_1_20' title='bbox 464 589 539 684; x_wconf 81' lang='lat' dir='ltr'>qua</span> <span class='ocrx_word' id='word_1_21' title='bbox 556 560 643 648; x_wconf 88' lang='lat' dir='ltr'>lunt</span> <span class='ocrx_word' id='word_1_22' title='bbox 658 563 891 676; x_wconf 87' lang='lat' dir='ltr'>puerilitate,</span> <span class='ocrx_word' id='word_1_23' title='bbox 918 587 1103 680; x_wconf 86' lang='lat' dir='ltr'>proterve</span> <span class='ocrx_word' id='word_1_24' title='bbox 1118 566 1280 665; x_wconf 88' lang='lat' dir='ltr'>irritare,</span> <span class='ocrx_word' id='word_1_25' title='bbox 1309 591 1425 652; x_wconf 82' lang='lat' dir='ltr'>vexa·</span> 
     </span>
     <span class='ocr_line' id='line_1_4' title="bbox 120 676 1426 796; baseline 0.003 -32"><span class='ocrx_word' id='word_1_26' title='bbox 120 703 228 790; x_wconf 87' lang='lat' dir='ltr'>reque</span> <span class='ocrx_word' id='word_1_27' title='bbox 244 688 291 788; x_wconf 88' lang='lat' dir='ltr'>a&#39;c</span> <span class='ocrx_word' id='word_1_28' title='bbox 304 677 437 790; x_wconf 86' lang='lat' dir='ltr'>plures</span> <span class='ocrx_word' id='word_1_29' title='bbox 454 676 650 764; x_wconf 88' lang='lat' dir='ltr'>trucidare</span> <span class='ocrx_word' id='word_1_30' title='bbox 667 677 963 774; x_wconf 85' lang='lat' dir='ltr'>constievemnt.</span> <span class='ocrx_word' id='word_1_31' title='bbox 1020 681 1130 770; x_wconf 89' lang='lat' dir='ltr'>Nam</span> <span class='ocrx_word' id='word_1_32' title='bbox 1147 677 1174 778; x_wconf 84' lang='lat' dir='ltr'>si</span> <span class='ocrx_word' id='word_1_33' title='bbox 1191 681 1280 796; x_wconf 89' lang='lat' dir='ltr'>quis</span> <span class='ocrx_word' id='word_1_34' title='bbox 1296 681 1426 768; x_wconf 85' lang='lat' dir='ltr'>viator</span> 
     </span>
     <span class='ocr_line' id='line_1_5' title="bbox 118 791 1426 905; baseline 0.006 -28"><span class='ocrx_word' id='word_1_35' title='bbox 118 791 196 877; x_wconf 90' lang='lat' dir='ltr'>illac</span> <span class='ocrx_word' id='word_1_36' title='bbox 213 795 285 879; x_wconf 90' lang='lat' dir='ltr'>iter</span> <span class='ocrx_word' id='word_1_37' title='bbox 298 793 523 905; x_wconf 86' lang='lat' dir='ltr'>ingrediens</span> <span class='ocrx_word' id='word_1_38' title='bbox 540 819 603 878; x_wconf 90' lang='lat' dir='ltr'>eas</span> <span class='ocrx_word' id='word_1_39' title='bbox 621 819 690 904; x_wconf 90' lang='lat' dir='ltr'>per</span> <span class='ocrx_word' id='word_1_40' title='bbox 705 794 1014 905; x_wconf 80' lang='lat' dir='ltr'>imprudentiam</span> <span class='ocrx_word' id='word_1_41' title='bbox 1032 795 1316 904; x_wconf 85' lang='lat' dir='ltr'>commoverit,</span> <span class='ocrx_word' id='word_1_42' title='bbox 1328 813 1426 886; x_wconf 85' lang='lat' dir='ltr'>tunc</span> 
     </span>
     <span class='ocr_line' id='line_1_6' title="bbox 92 903 1425 1025; baseline 0.003 -33"><span class='ocrx_word' id='word_1_43' title='bbox 92 980 97 992; x_wconf 95' lang='lat'><strong>.</strong></span> <span class='ocrx_word' id='word_1_44' title='bbox 118 905 181 992; x_wconf 84' lang='lat' dir='ltr'>illae</span> <span class='ocrx_word' id='word_1_45' title='bbox 196 909 424 994; x_wconf 85' lang='lat' dir='ltr'>exulcerato</span> <span class='ocrx_word' id='word_1_46' title='bbox 440 909 576 997; x_wconf 88' lang='lat' dir='ltr'>animo</span> <span class='ocrx_word' id='word_1_47' title='bbox 595 903 746 994; x_wconf 77' lang='lat' dir='ltr'>baeslis</span> <span class='ocrx_word' id='word_1_48' title='bbox 765 905 936 1009; x_wconf 82' lang='lat' dir='ltr'>evolant,</span> <span class='ocrx_word' id='word_1_49' title='bbox 961 908 1276 1025; x_wconf 77' lang='lat' dir='ltr'>incursantesque</span> <span class='ocrx_word' id='word_1_50' title='bbox 1292 912 1334 998; x_wconf 93' lang='lat' dir='ltr'>in</span> <span class='ocrx_word' id='word_1_51' title='bbox 1349 909 1425 997; x_wconf 83' lang='lat' dir='ltr'>ho·</span> 
     </span>
     <span class='ocr_line' id='line_1_7' title="bbox 115 1019 1525 1136; baseline 0.004 -28"><span class='ocrx_word' id='word_1_52' title='bbox 115 1022 252 1110; x_wconf 82' lang='lat' dir='ltr'><strong>minem</strong></span> <span class='ocrx_word' id='word_1_53' title='bbox 276 1019 489 1136; x_wconf 77' lang='lat' dir='ltr'>grassantur</span> <span class='ocrx_word' id='word_1_54' title='bbox 506 1019 678 1122; x_wconf 76' lang='lat' dir='ltr'>sollicita:</span> <span class='ocrx_word' id='word_1_55' title='bbox 695 1049 773 1136; x_wconf 93' lang='lat' dir='ltr'>pro</span> <span class='ocrx_word' id='word_1_56' title='bbox 799 1020 918 1112; x_wconf 89' lang='lat' dir='ltr'>salute</span> <span class='ocrx_word' id='word_1_57' title='bbox 951 1024 1151 1118; x_wconf 79' lang='lat' dir='ltr'>filiorumt</span> <span class='ocrx_word' id='word_1_58' title='bbox 1186 1025 1262 1124; x_wconf 88' lang='lat' dir='ltr'>hac</span> <span class='ocrx_word' id='word_1_59' title='bbox 1280 1049 1427 1125; x_wconf 79' lang='lat' dir='ltr'>incute,</span> <span class='ocrx_word' id='word_1_60' title='bbox 1521 1037 1525 1040; x_wconf 81' lang='grc'><strong>’</strong></span> 
     </span>
    </p>
   </div>
   <div class='ocr_carea' id='block_1_3' title="bbox 115 1131 1579 1252">
    <p class='ocr_par' dir='ltr' id='par_1_3' title="bbox 115 1131 1579 1252">
     <span class='ocr_line' id='line_1_8' title="bbox 115 1131 1579 1252; baseline 0.007 -30"><span class='ocrx_word' id='word_1_61' title='bbox 115 1131 186 1224; x_wconf 88' lang='lat' dir='ltr'>liuc</span> <span class='ocrx_word' id='word_1_62' title='bbox 205 1136 467 1239; x_wconf 88' lang='lat' dir='ltr'>animo,hac</span> <span class='ocrx_word' id='word_1_63' title='bbox 481 1133 568 1251; x_wconf 89' lang='lat' dir='ltr'>spe,</span> <span class='ocrx_word' id='word_1_64' title='bbox 597 1159 715 1252; x_wconf 87' lang='lat' dir='ltr'>atque</span> <span class='ocrx_word' id='word_1_65' title='bbox 731 1135 1018 1247; x_wconf 88' lang='lat' dir='ltr'>vociferatione</span> <span class='ocrx_word' id='word_1_66' title='bbox 1032 1140 1204 1230; x_wconf 89' lang='lat' dir='ltr'>invicem</span> <span class='ocrx_word' id='word_1_67' title='bbox 1223 1167 1430 1231; x_wconf 89' lang='lat' dir='ltr'>corruunt.</span> <span class='ocrx_word' id='word_1_68' title='bbox 1575 1195 1579 1202; x_wconf 92' lang='lat'>·</span> 
     </span>
    </p>
   </div>
   <div class='ocr_carea' id='block_1_4' title="bbox 113 1249 1504 1370">
    <p class='ocr_par' dir='ltr' id='par_1_4' title="bbox 113 1249 1504 1370">
     <span class='ocr_line' id='line_1_9' title="bbox 113 1249 1504 1370; baseline 0.004 -31"><span class='ocrx_word' id='word_1_69' title='bbox 113 1249 365 1370; x_wconf 84' lang='lat' dir='ltr'>inprimisque</span> <span class='ocrx_word' id='word_1_70' title='bbox 388 1253 565 1369; x_wconf 88' lang='lat' dir='ltr'>lnclytos</span> <span class='ocrx_word' id='word_1_71' title='bbox 589 1252 880 1362; x_wconf 80' lang='lat' dir='ltr'>Joacuiiivs</span> <span class='ocrx_word' id='word_1_72' title='bbox 907 1254 1051 1369; x_wconf 89' lang='lat' dir='ltr'>prioris</span> <span class='ocrx_word' id='word_1_73' title='bbox 1081 1259 1181 1344; x_wconf 66' lang='lat' dir='ltr'>iebus</span> <span class='ocrx_word' id='word_1_74' title='bbox 1212 1254 1431 1360; x_wconf 58' lang='lat' dir='ltr'>frustratioe</span> <span class='ocrx_word' id='word_1_75' title='bbox 1468 1291 1471 1298; x_wconf 52' lang='lat'><strong>¹</strong></span> <span class='ocrx_word' id='word_1_76' title='bbox 1502 1351 1504 1354; x_wconf 66' lang='grc'><strong>,</strong></span> 
     </span>
    </p>
   </div>
   <div class='ocr_carea' id='block_1_5' title="bbox 114 1366 1579 1483">
    <p class='ocr_par' dir='ltr' id='par_1_5' title="bbox 114 1366 1579 1483">
     <span class='ocr_line' id='line_1_10' title="bbox 114 1366 1579 1483; baseline 0.004 -29"><span class='ocrx_word' id='word_1_77' title='bbox 114 1383 311 1483; x_wconf 80' lang='lat' dir='ltr'>nemaegte</span> <span class='ocrx_word' id='word_1_78' title='bbox 326 1366 453 1483; x_wconf 76' lang='lat' dir='ltr'>ferens</span> <span class='ocrx_word' id='word_1_79' title='bbox 482 1369 523 1455; x_wconf 91' lang='lat' dir='ltr'>in</span> <span class='ocrx_word' id='word_1_80' title='bbox 542 1367 845 1482; x_wconf 78' lang='lat' dir='ltr'>Magnanimum</span> <span class='ocrx_word' id='word_1_81' title='bbox 865 1371 1024 1458; x_wconf 83' lang='lat' dir='ltr'>Duceni</span> <span class='ocrx_word' id='word_1_82' title='bbox 1040 1373 1346 1464; x_wconf 78' lang='lat' dir='ltr'>Hainnrcvni</span> <span class='ocrx_word' id='word_1_83' title='bbox 1370 1400 1429 1460; x_wconf 87' lang='lat' dir='ltr'>ta·</span> <span class='ocrx_word' id='word_1_84' title='bbox 1572 1428 1579 1436; x_wconf 67' lang='lat'>,</span> 
     </span>
    </p>
   </div>
   <div class='ocr_carea' id='block_1_6' title="bbox 114 1481 1566 1614">
    <p class='ocr_par' dir='ltr' id='par_1_6' title="bbox 114 1481 1566 1614">
     <span class='ocr_line' id='line_1_11' title="bbox 114 1481 1566 1614; baseline 0.003 -44"><span class='ocrx_word' id='word_1_85' title='bbox 114 1486 222 1614; x_wconf 83' lang='lat' dir='ltr'>pidus</span> <span class='ocrx_word' id='word_1_86' title='bbox 240 1481 387 1584; x_wconf 76' lang='lat' dir='ltr'>fertur,</span> <span class='ocrx_word' id='word_1_87' title='bbox 415 1509 607 1599; x_wconf 86' lang='lat' dir='ltr'>euinque,</span> <span class='ocrx_word' id='word_1_88' title='bbox 629 1482 744 1571; x_wconf 73' lang='lat' dir='ltr'>‘haud</span> <span class='ocrx_word' id='word_1_89' title='bbox 759 1485 979 1573; x_wconf 84' lang='lat' dir='ltr'>immemor</span> <span class='ocrx_word' id='word_1_90' title='bbox 995 1484 1107 1576; x_wconf 85' lang='lat' dir='ltr'>seab</span> <span class='ocrx_word' id='word_1_91' title='bbox 1122 1490 1269 1576; x_wconf 90' lang='lat' dir='ltr'>eodem</span> <span class='ocrx_word' id='word_1_92' title='bbox 1293 1481 1430 1604; x_wconf 82' lang='lat' dir='ltr'>primo</span> <span class='ocrx_word' id='word_1_93' title='bbox 1457 1499 1466 1507; x_wconf 77' lang='grc'><strong>“</strong></span> <span class='ocrx_word' id='word_1_94' title='bbox 1563 1509 1566 1519; x_wconf 90' lang='grc'><strong>’</strong></span> 
     </span>
    </p>
   </div>
   <div class='ocr_carea' id='block_1_7' title="bbox 115 1595 1560 1716">
    <p class='ocr_par' dir='ltr' id='par_1_7' title="bbox 115 1595 1560 1716">
     <span class='ocr_line' id='line_1_12' title="bbox 115 1595 1560 1716; baseline 0.006 -32"><span class='ocrx_word' id='word_1_95' title='bbox 115 1601 384 1690; x_wconf 72' lang='lat' dir='ltr'>certaminein</span> <span class='ocrx_word' id='word_1_96' title='bbox 406 1598 619 1688; x_wconf 91' lang='lat' dir='ltr'>bucculam</span> <span class='ocrx_word' id='word_1_97' title='bbox 646 1595 795 1704; x_wconf 76' lang='lat' dir='ltr'>fixum,</span> <span class='ocrx_word' id='word_1_98' title='bbox 832 1600 1090 1695; x_wconf 75' lang='lat' dir='ltr'>cadeudoa&#39;d</span> <span class='ocrx_word' id='word_1_99' title='bbox 1110 1603 1430 1716; x_wconf 77' lang='lat' dir='ltr'>pretoriastedes</span> <span class='ocrx_word' id='word_1_100' title='bbox 1543 1667 1560 1716; x_wconf 62' lang='lat'>¹.</span> 
     </span>
    </p>
   </div>
   <div class='ocr_carea' id='block_1_8' title="bbox 111 1711 1433 2175">
    <p class='ocr_par' dir='ltr' id='par_1_8' title="bbox 111 1711 1433 2175">
     <span class='ocr_line' id='line_1_13' title="bbox 113 1711 1430 1835; baseline 0.004 -34"><span class='ocrx_word' id='word_1_101' title='bbox 113 1741 240 1832; x_wconf 82' lang='lat' dir='ltr'>usque,</span> <span class='ocrx_word' id='word_1_102' title='bbox 270 1715 340 1804; x_wconf 90' lang='lat' dir='ltr'>ubi</span> <span class='ocrx_word' id='word_1_103' title='bbox 358 1713 520 1830; x_wconf 87' lang='lat' dir='ltr'>pulchri.</span> <span class='ocrx_word' id='word_1_104' title='bbox 531 1711 677 1830; x_wconf 89' lang='lat' dir='ltr'>clypei,</span> <span class='ocrx_word' id='word_1_105' title='bbox 707 1713 841 1813; x_wconf 86' lang='lat' dir='ltr'>etlate</span> <span class='ocrx_word' id='word_1_106' title='bbox 858 1717 1035 1806; x_wconf 88' lang='lat' dir='ltr'>lucentes</span> <span class='ocrx_word' id='word_1_107' title='bbox 1052 1712 1170 1832; x_wconf 66' lang='lat' dir='ltr'>galee</span> <span class='ocrx_word' id='word_1_108' title='bbox 1189 1719 1430 1835; x_wconf 81' lang='lat' dir='ltr'>pendebant,</span> 
     </span>
     <span class='ocr_line' id='line_1_14' title="bbox 113 1827 1432 1952; baseline 0.003 -35"><span class='ocrx_word' id='word_1_109' title='bbox 113 1831 295 1946; x_wconf 74' lang='lat' dir='ltr'>argebati,</span> <span class='ocrx_word' id='word_1_110' title='bbox 328 1831 526 1947; x_wconf 88' lang='lat' dir='ltr'>necprius</span> <span class='ocrx_word' id='word_1_111' title='bbox 551 1828 743 1918; x_wconf 86' lang='lat' dir='ltr'>caedendo</span> <span class='ocrx_word' id='word_1_112' title='bbox 767 1827 837 1918; x_wconf 92' lang='lat' dir='ltr'>sibi</span> <span class='ocrx_word' id='word_1_113' title='bbox 864 1838 1116 1946; x_wconf 75' lang='lat' dir='ltr'>temperavit,</span> <span class='ocrx_word' id='word_1_114' title='bbox 1145 1865 1267 1952; x_wconf 90' lang='lat' dir='ltr'>quarn</span> <span class='ocrx_word' id='word_1_115' title='bbox 1282 1835 1432 1924; x_wconf 89' lang='lat' dir='ltr'>Princi-</span> 
     </span>
     <span class='ocr_line' id='line_1_15' title="bbox 112 1945 1428 2068; baseline 0.003 -34"><span class='ocrx_word' id='word_1_116' title='bbox 112 1972 198 2059; x_wconf 84' lang='lat' dir='ltr'>pem</span> <span class='ocrx_word' id='word_1_117' title='bbox 216 1948 400 2062; x_wconf 88' lang='lat' dir='ltr'>princeps</span> <span class='ocrx_word' id='word_1_118' title='bbox 412 1946 558 2059; x_wconf 87' lang='lat' dir='ltr'>gladio,</span> <span class='ocrx_word' id='word_1_119' title='bbox 567 1970 685 2058; x_wconf 87' lang='lat' dir='ltr'>atque</span> <span class='ocrx_word' id='word_1_120' title='bbox 695 1945 885 2034; x_wconf 89' lang='lat' dir='ltr'>omnibus</span> <span class='ocrx_word' id='word_1_121' title='bbox 903 1951 1272 2068; x_wconf 74' lang='lat' dir='ltr'>telisexatmaperit.</span> <span class='ocrx_word' id='word_1_122' title='bbox 1313 1951 1428 2048; x_wconf 88' lang='lat' dir='ltr'>Hinc</span> 
     </span>
     <span class='ocr_line' id='line_1_16' title="bbox 111 2059 1433 2175; baseline 0.005 -27"><span class='ocrx_word' id='word_1_123' title='bbox 111 2065 360 2164; x_wconf 68' lang='lat' dir='ltr'>Assar-ro,</span> <span class='ocrx_word' id='word_1_124' title='bbox 390 2059 598 2150; x_wconf 78' lang='lat' dir='ltr'>clarissimo</span> <span class='ocrx_word' id='word_1_125' title='bbox 619 2061 1048 2175; x_wconf 79' lang='lat' dir='ltr'>Magnopolitanor&#39;um</span> <span class='ocrx_word' id='word_1_126' title='bbox 1065 2067 1193 2165; x_wconf 89' lang='lat' dir='ltr'>Duci,</span> <span class='ocrx_word' id='word_1_127' title='bbox 1230 2063 1366 2154; x_wconf 87' lang='lat' dir='ltr'>Boslus</span> <span class='ocrx_word' id='word_1_128' title='bbox 1382 2067 1433 2155; x_wconf 90' lang='lat' dir='ltr'>de</span> 
     </span>
    </p>
   </div>
   <div class='ocr_carea' id='block_1_9' title="bbox 109 2171 1720 2423">
    <p class='ocr_par' dir='ltr' id='par_1_9' title="bbox 109 2171 1720 2423">
     <span class='ocr_line' id='line_1_17' title="bbox 109 2171 1720 2291; baseline 0.001 -29"><span class='ocrx_word' id='word_1_129' title='bbox 109 2173 458 2291; x_wconf 80' lang='lat' dir='ltr'>Schulrnbuigenle</span> <span class='ocrx_word' id='word_1_130' title='bbox 492 2171 641 2264; x_wconf 78' lang='lat' dir='ltr'>cassidis</span> <span class='ocrx_word' id='word_1_131' title='bbox 679 2178 888 2265; x_wconf 80' lang='lat' dir='ltr'>buconiam</span> <span class='ocrx_word' id='word_1_132' title='bbox 929 2177 1099 2268; x_wconf 90' lang='lat' dir='ltr'>discidit:</span> <span class='ocrx_word' id='word_1_133' title='bbox 1130 2181 1211 2290; x_wconf 58' lang='lat' dir='ltr'>«At</span> <span class='ocrx_word' id='word_1_134' title='bbox 1247 2178 1433 2266; x_wconf 88' lang='lat' dir='ltr'>Battolus</span> <span class='ocrx_word' id='word_1_135' title='bbox 1577 2223 1578 2226; x_wconf 11' lang='grc' dir='ltr'><strong><em>κ</em></strong></span> <span class='ocrx_word' id='word_1_136' title='bbox 1715 2191 1720 2199; x_wconf 80' lang='grc'><strong>“</strong></span> 
     </span>
     <span class='ocr_line' id='line_1_18' title="bbox 113 2289 1585 2423; baseline 0.001 -47"><span class='ocrx_word' id='word_1_137' title='bbox 113 2289 234 2395; x_wconf 82' lang='lat' dir='ltr'>Flam,</span> <span class='ocrx_word' id='word_1_138' title='bbox 270 2292 498 2423; x_wconf 78' lang='lat' dir='ltr'>Georgium</span> <span class='ocrx_word' id='word_1_139' title='bbox 514 2291 698 2390; x_wconf 88' lang='lat' dir='ltr'>Finiken,</span> <span class='ocrx_word' id='word_1_140' title='bbox 735 2291 838 2378; x_wconf 86' lang='lat' dir='ltr'>hasla</span> <span class='ocrx_word' id='word_1_141' title='bbox 862 2296 1030 2413; x_wconf 66' lang='lat' dir='ltr'>graviter</span> <span class='ocrx_word' id='word_1_142' title='bbox 1057 2293 1200 2380; x_wconf 86' lang='lat' dir='ltr'>feriens</span> <span class='ocrx_word' id='word_1_143' title='bbox 1219 2292 1327 2380; x_wconf 89' lang='lat' dir='ltr'>illam</span> <span class='ocrx_word' id='word_1_144' title='bbox 1349 2292 1432 2379; x_wconf 90' lang='lat' dir='ltr'>ani·</span> <span class='ocrx_word' id='word_1_145' title='bbox 1497 2377 1509 2390; x_wconf 68' lang='grc'>,</span> <span class='ocrx_word' id='word_1_146' title='bbox 1581 2315 1585 2326; x_wconf 85' lang='grc'>’</span> 
     </span>
    </p>
   </div>
   <div class='ocr_carea' id='block_1_10' title="bbox 35 2403 1581 2967">
    <p class='ocr_par' dir='ltr' id='par_1_10' title="bbox 35 2403 1581 2748">
     <span class='ocr_line' id='line_1_19' title="bbox 111 2403 1430 2521; baseline 0.002 -30"><span class='ocrx_word' id='word_1_147' title='bbox 111 2403 210 2504; x_wconf 82' lang='lat' dir='ltr'>mose</span> <span class='ocrx_word' id='word_1_148' title='bbox 232 2403 452 2520; x_wconf 78' lang='lat' dir='ltr'>confregit,</span> <span class='ocrx_word' id='word_1_149' title='bbox 486 2404 743 2518; x_wconf 78' lang='lat' dir='ltr'>inde&#39;gladio</span> <span class='ocrx_word' id='word_1_150' title='bbox 772 2405 875 2508; x_wconf 87' lang='lat' dir='ltr'>illius</span> <span class='ocrx_word' id='word_1_151' title='bbox 903 2434 1054 2521; x_wconf 89' lang='lat' dir='ltr'>corpus</span> <span class='ocrx_word' id='word_1_152' title='bbox 1080 2405 1280 2505; x_wconf 72' lang='lat' dir='ltr'>aberrans-3</span> <span class='ocrx_word' id='word_1_153' title='bbox 1317 2407 1430 2494; x_wconf 85' lang='lat' dir='ltr'>illum</span> 
     </span>
     <span class='ocr_line' id='line_1_20' title="bbox 35 2517 1581 2636; baseline -0.003 -30"><span class='ocrx_word' id='word_1_154' title='bbox 35 2521 40 2528; x_wconf 88' lang='grc'><strong>’</strong></span> <span class='ocrx_word' id='word_1_155' title='bbox 112 2521 263 2611; x_wconf 88' lang='lat' dir='ltr'>tandem</span> <span class='ocrx_word' id='word_1_156' title='bbox 287 2519 578 2634; x_wconf 90' lang='lat' dir='ltr'>imprudentius</span> <span class='ocrx_word' id='word_1_157' title='bbox 604 2521 704 2620; x_wconf 65' lang='lat' dir='ltr'>illus</span> <span class='ocrx_word' id='word_1_158' title='bbox 722 2549 859 2631; x_wconf 89' lang='lat' dir='ltr'>graves</span> <span class='ocrx_word' id='word_1_159' title='bbox 889 2522 1101 2610; x_wconf 73' lang='lat' dir='ltr'>esitantem</span> <span class='ocrx_word' id='word_1_160' title='bbox 1129 2549 1235 2636; x_wconf 86' lang='lat' dir='ltr'>equo</span> <span class='ocrx_word' id='word_1_161' title='bbox 1257 2517 1432 2610; x_wconf 81' lang='lat' dir='ltr'>excussit.</span> <span class='ocrx_word' id='word_1_162' title='bbox 1579 2597 1581 2602; x_wconf 82' lang='grc'><strong>,</strong></span> 
     </span>
     <span class='ocr_line' id='line_1_21' title="bbox 112 2633 1481 2748; baseline 0.003 -28"><span class='ocrx_word' id='word_1_163' title='bbox 112 2633 564 2748; x_wconf 70' lang='lat' dir='ltr'>Joannesseinfeiaas,</span> <span class='ocrx_word' id='word_1_164' title='bbox 590 2633 791 2722; x_wconf 86' lang='lat' dir='ltr'>Rudolffo</span> <span class='ocrx_word' id='word_1_165' title='bbox 820 2635 1006 2726; x_wconf 81' lang='lat' dir='ltr'>Schentlt</span> <span class='ocrx_word' id='word_1_166' title='bbox 1034 2638 1134 2724; x_wconf 92' lang='lat' dir='ltr'>lieto</span> <span class='ocrx_word' id='word_1_167' title='bbox 1158 2637 1430 2744; x_wconf 88' lang='lat' dir='ltr'>inThauten·</span> <span class='ocrx_word' id='word_1_168' title='bbox 1479 2641 1481 2646; x_wconf 82' lang='grc'><strong>’</strong></span> 
     </span>
    </p>

    <p class='ocr_par' dir='ltr' id='par_1_11' title="bbox 112 2748 1430 2967">
     <span class='ocr_line' id='line_1_22' title="bbox 112 2748 1430 2866; baseline 0.002 -32"><span class='ocrx_word' id='word_1_169' title='bbox 112 2749 245 2866; x_wconf 78' lang='lat' dir='ltr'>burg,</span> <span class='ocrx_word' id='word_1_170' title='bbox 258 2748 282 2838; x_wconf 76' lang='grc' dir='ltr'>ὲ</span> <span class='ocrx_word' id='word_1_171' title='bbox 296 2751 480 2840; x_wconf 84' lang='lat' dir='ltr'>manibus</span> <span class='ocrx_word' id='word_1_172' title='bbox 495 2750 672 2865; x_wconf 87' lang='lat' dir='ltr'>gladium</span> <span class='ocrx_word' id='word_1_173' title='bbox 690 2751 824 2866; x_wconf 87' lang='lat' dir='ltr'>gladio</span> <span class='ocrx_word' id='word_1_174' title='bbox 842 2753 1065 2856; x_wconf 83' lang='lat' dir='ltr'>excutiens,</span> <span class='ocrx_word' id='word_1_175' title='bbox 1101 2752 1213 2840; x_wconf 91' lang='lat' dir='ltr'>illurn</span> <span class='ocrx_word' id='word_1_176' title='bbox 1236 2754 1277 2841; x_wconf 86' lang='lat' dir='ltr'>in</span> <span class='ocrx_word' id='word_1_177' title='bbox 1294 2752 1430 2841; x_wconf 89' lang='lat' dir='ltr'>antile·</span> 
     </span>
     <span class='ocr_line' id='line_1_23' title="bbox 112 2832 1430 2967; baseline 0.003 -15"><span class='ocrx_word' id='word_1_178' title='bbox 112 2891 159 2960; x_wconf 85' lang='lat' dir='ltr'>na</span> <span class='ocrx_word' id='word_1_179' title='bbox 177 2866 389 2956; x_wconf 76' lang='lat' dir='ltr'>herentem</span> <span class='ocrx_word' id='word_1_180' title='bbox 412 2865 588 2956; x_wconf 85' lang='lat' dir='ltr'>abduxit.</span> <span class='ocrx_word' id='word_1_181' title='bbox 648 2832 1168 2967; x_wconf 72' lang='lat' dir='ltr'>Ebeliusdelstunnnense,</span> <span class='ocrx_word' id='word_1_182' title='bbox 1199 2861 1430 2957; x_wconf 85' lang='lat' dir='ltr'>duos&#39;enses</span> 
     </span>
    </p>
   </div>
   <div class='ocr_carea' id='block_1_11' title="bbox 102 2979 1566 3214">
    <p class='ocr_par' dir='ltr' id='par_1_12' title="bbox 102 2979 1566 3214">
     <span class='ocr_line' id='line_1_24' title="bbox 113 2979 1566 3100; baseline 0.003 -34"><span class='ocrx_word' id='word_1_183' title='bbox 113 2979 152 3066; x_wconf 91' lang='lat' dir='ltr'>in</span> <span class='ocrx_word' id='word_1_184' title='bbox 166 2979 236 3070; x_wconf 91' lang='lat' dir='ltr'>hac</span> <span class='ocrx_word' id='word_1_185' title='bbox 250 3007 385 3098; x_wconf 91' lang='lat' dir='ltr'>pugna</span> <span class='ocrx_word' id='word_1_186' title='bbox 400 2980 666 3096; x_wconf 88' lang='lat' dir='ltr'>particulatim</span> <span class='ocrx_word' id='word_1_187' title='bbox 685 2982 877 3068; x_wconf 78' lang='lat' dir='ltr'>cadendo</span> <span class='ocrx_word' id='word_1_188' title='bbox 894 2980 1094 3098; x_wconf 84' lang='lat' dir='ltr'>perfregit.</span> <span class='ocrx_word' id='word_1_189' title='bbox 1147 2984 1309 3098; x_wconf 91' lang='lat' dir='ltr'>Reliqui</span> <span class='ocrx_word' id='word_1_190' title='bbox 1326 3009 1432 3100; x_wconf 84' lang='lat' dir='ltr'>pene</span> <span class='ocrx_word' id='word_1_191' title='bbox 1564 3069 1566 3077; x_wconf 14' lang='grc' dir='ltr'>Α</span> 
     </span>
     <span class='ocr_line' id='line_1_25' title="bbox 102 3093 1562 3214; baseline 0.004 -32"><span class='ocrx_word' id='word_1_192' title='bbox 102 3093 247 3186; x_wconf 76' lang='lat' dir='ltr'>somnes</span> <span class='ocrx_word' id='word_1_193' title='bbox 260 3093 388 3186; x_wconf 77' lang='lat' dir='ltr'>basias</span> <span class='ocrx_word' id='word_1_194' title='bbox 405 3096 627 3202; x_wconf 84' lang='lat' dir='ltr'>aberrantes</span> <span class='ocrx_word' id='word_1_195' title='bbox 641 3097 682 3184; x_wconf 91' lang='lat' dir='ltr'>in</span> <span class='ocrx_word' id='word_1_196' title='bbox 698 3123 785 3184; x_wconf 89' lang='lat' dir='ltr'>aere</span> <span class='ocrx_word' id='word_1_197' title='bbox 802 3095 943 3198; x_wconf 64' lang='lat' dir='ltr'>lineam</span> <span class='ocrx_word' id='word_1_198' title='bbox 980 3099 1120 3214; x_wconf 83' lang='lat' dir='ltr'>gladiis</span> <span class='ocrx_word' id='word_1_199' title='bbox 1137 3127 1235 3188; x_wconf 88' lang='lat' dir='ltr'>veto</span> <span class='ocrx_word' id='word_1_200' title='bbox 1253 3101 1323 3187; x_wconf 91' lang='lat' dir='ltr'>diu</span> <span class='ocrx_word' id='word_1_201' title='bbox 1347 3099 1429 3190; x_wconf 88' lang='lat' dir='ltr'>ani·</span> <span class='ocrx_word' id='word_1_202' title='bbox 1556 3133 1562 3140; x_wconf 91' lang='lat'><strong>·</strong></span> 
     </span>
    </p>
   </div>
   <div class='ocr_carea' id='block_1_12' title="bbox 8 3207 1578 4241">
    <p class='ocr_par' dir='ltr' id='par_1_13' title="bbox 51 3207 1578 3564">
     <span class='ocr_line' id='line_1_26' title="bbox 51 3207 1578 3327; baseline 0.004 -31"><span class='ocrx_word' id='word_1_203' title='bbox 51 3309 59 3316; x_wconf 43' lang='lat'>,</span> <span class='ocrx_word' id='word_1_204' title='bbox 112 3210 214 3300; x_wconf 81' lang='lat' dir='ltr'>inose</span> <span class='ocrx_word' id='word_1_205' title='bbox 240 3236 436 3303; x_wconf 84' lang='lat' dir='ltr'>certantes</span> <span class='ocrx_word' id='word_1_206' title='bbox 463 3216 650 3327; x_wconf 84' lang='lat' dir='ltr'>utrinque</span> <span class='ocrx_word' id='word_1_207' title='bbox 680 3237 795 3323; x_wconf 89' lang='lat' dir='ltr'>pares</span> <span class='ocrx_word' id='word_1_208' title='bbox 825 3207 1007 3312; x_wconf 85' lang='lat' dir='ltr'>fuerunt,</span> <span class='ocrx_word' id='word_1_209' title='bbox 1051 3243 1176 3304; x_wconf 90' lang='lat' dir='ltr'>nemo</span> <span class='ocrx_word' id='word_1_210' title='bbox 1211 3231 1430 3310; x_wconf 81' lang='lat' dir='ltr'>tamen&#39;ex</span> <span class='ocrx_word' id='word_1_211' title='bbox 1573 3273 1578 3280; x_wconf 88' lang='lat'><em>-</em></span> 
     </span>
     <span class='ocr_line' id='line_1_27' title="bbox 112 3324 1442 3446; baseline 0.003 -34"><span class='ocrx_word' id='word_1_212' title='bbox 112 3328 215 3415; x_wconf 86' lang='lat' dir='ltr'>omni</span> <span class='ocrx_word' id='word_1_213' title='bbox 229 3353 402 3440; x_wconf 88' lang='lat' dir='ltr'>numero</span> <span class='ocrx_word' id='word_1_214' title='bbox 419 3330 528 3442; x_wconf 82' lang='lat' dir='ltr'>p&#39;rius</span> <span class='ocrx_word' id='word_1_215' title='bbox 545 3328 750 3441; x_wconf 89' lang='lat' dir='ltr'>pugnandi</span> <span class='ocrx_word' id='word_1_216' title='bbox 766 3324 889 3414; x_wconf 87' lang='lat' dir='ltr'>finem</span> <span class='ocrx_word' id='word_1_217' title='bbox 906 3325 1014 3429; x_wconf 86' lang='lat' dir='ltr'>fecit,</span> <span class='ocrx_word' id='word_1_218' title='bbox 1044 3356 1165 3442; x_wconf 89' lang='lat' dir='ltr'>quam</span> <span class='ocrx_word' id='word_1_219' title='bbox 1189 3325 1442 3446; x_wconf 80' lang='lat' dir='ltr'>asequesliis.</span> 
     </span>
     <span class='ocr_line' id='line_1_28' title="bbox 115 3438 1505 3564; baseline 0.006 -40"><span class='ocrx_word' id='word_1_220' title='bbox 115 3441 307 3532; x_wconf 85' lang='lat' dir='ltr'>cohibitus</span> <span class='ocrx_word' id='word_1_221' title='bbox 326 3439 392 3542; x_wconf 88' lang='lat' dir='ltr'>fit,</span> <span class='ocrx_word' id='word_1_222' title='bbox 422 3467 462 3528; x_wconf 90' lang='lat' dir='ltr'>et</span> <span class='ocrx_word' id='word_1_223' title='bbox 478 3445 653 3558; x_wconf 84' lang='lat' dir='ltr'>pugnam</span> <span class='ocrx_word' id='word_1_224' title='bbox 668 3439 816 3542; x_wconf 81' lang='lat' dir='ltr'>soluere</span> <span class='ocrx_word' id='word_1_225' title='bbox 831 3438 981 3549; x_wconf 81' lang='lat' dir='ltr'>-juffus,</span> <span class='ocrx_word' id='word_1_226' title='bbox 1003 3466 1056 3564; x_wconf 59' lang='lat' dir='ltr'>,et</span> <span class='ocrx_word' id='word_1_227' title='bbox 1077 3442 1155 3556; x_wconf 80' lang='lat' dir='ltr'>jain</span> <span class='ocrx_word' id='word_1_228' title='bbox 1179 3443 1311 3534; x_wconf 90' lang='lat' dir='ltr'>nullus</span> <span class='ocrx_word' id='word_1_229' title='bbox 1333 3466 1432 3545; x_wconf 85' lang='lat' dir='ltr'>erat,</span> <span class='ocrx_word' id='word_1_230' title='bbox 1498 3504 1505 3517; x_wconf 80' lang='lat'>,</span> 
     </span>
    </p>

    <p class='ocr_par' dir='ltr' id='par_1_14' title="bbox 8 3555 1551 4224">
     <span class='ocr_line' id='line_1_29' title="bbox 8 3555 1429 3674; baseline 0.003 -32"><span class='ocrx_word' id='word_1_231' title='bbox 8 3611 10 3642; x_wconf 83' lang='grc'>.</span> <span class='ocrx_word' id='word_1_232' title='bbox 114 3561 177 3666; x_wconf 88' lang='lat' dir='ltr'>qui</span> <span class='ocrx_word' id='word_1_233' title='bbox 194 3585 276 3644; x_wconf 93' lang='lat' dir='ltr'>non</span> <span class='ocrx_word' id='word_1_234' title='bbox 292 3558 394 3646; x_wconf 88' lang='lat' dir='ltr'>vires</span> <span class='ocrx_word' id='word_1_235' title='bbox 411 3555 508 3656; x_wconf 87' lang='lat' dir='ltr'>suas,</span> <span class='ocrx_word' id='word_1_236' title='bbox 532 3557 697 3674; x_wconf 80' lang='lat' dir='ltr'>autsuo,</span> <span class='ocrx_word' id='word_1_237' title='bbox 723 3559 795 3670; x_wconf 81' lang='lat' dir='ltr'>aut</span> <span class='ocrx_word' id='word_1_238' title='bbox 810 3556 943 3646; x_wconf 88' lang='lat' dir='ltr'>alieno</span> <span class='ocrx_word' id='word_1_239' title='bbox 957 3559 1139 3672; x_wconf 82' lang='lat' dir='ltr'>periculo</span> <span class='ocrx_word' id='word_1_240' title='bbox 1156 3557 1302 3660; x_wconf 83' lang='lat' dir='ltr'>nollet,</span> <span class='ocrx_word' id='word_1_241' title='bbox 1331 3585 1429 3646; x_wconf 91' lang='lat' dir='ltr'>curn</span> 
     </span>
     <span class='ocr_line' id='line_1_30' title="bbox 117 3668 1428 3785; baseline 0.007 -32"><span class='ocrx_word' id='word_1_242' title='bbox 117 3671 299 3760; x_wconf 88' lang='lat' dir='ltr'>tubicines</span> <span class='ocrx_word' id='word_1_243' title='bbox 313 3673 492 3785; x_wconf 90' lang='lat' dir='ltr'>receptui</span> <span class='ocrx_word' id='word_1_244' title='bbox 510 3668 669 3769; x_wconf 81' lang='lat' dir='ltr'>canunt,</span> <span class='ocrx_word' id='word_1_245' title='bbox 698 3671 764 3758; x_wconf 90' lang='lat' dir='ltr'>cui</span> <span class='ocrx_word' id='word_1_246' title='bbox 780 3671 986 3762; x_wconf 85' lang='lat' dir='ltr'>audientes</span> <span class='ocrx_word' id='word_1_247' title='bbox 1001 3669 1167 3760; x_wconf 81' lang='lat' dir='ltr'>universi</span> <span class='ocrx_word' id='word_1_248' title='bbox 1185 3673 1234 3760; x_wconf 89' lang='lat' dir='ltr'>ab</span> <span class='ocrx_word' id='word_1_249' title='bbox 1248 3675 1366 3762; x_wconf 86' lang='lat' dir='ltr'>aruris</span> <span class='ocrx_word' id='word_1_250' title='bbox 1385 3673 1428 3762; x_wconf 89' lang='lat' dir='ltr'>io</span> 
     </span>
     <span class='ocr_line' id='line_1_31' title="bbox 119 3783 1429 3900; baseline 0.006 -32"><span class='ocrx_word' id='word_1_251' title='bbox 119 3785 287 3874; x_wconf 85' lang='lat' dir='ltr'>ordinem</span> <span class='ocrx_word' id='word_1_252' title='bbox 304 3788 608 3896; x_wconf 65' lang='lat' dir='ltr'>redeunte-Hic</span> <span class='ocrx_word' id='word_1_253' title='bbox 623 3783 894 3875; x_wconf 82' lang='lat' dir='ltr'>llluslrissrmus</span> <span class='ocrx_word' id='word_1_254' title='bbox 911 3789 1203 3900; x_wconf 81' lang='lat' dir='ltr'>Joacninvs</span> <span class='ocrx_word' id='word_1_255' title='bbox 1221 3791 1323 3878; x_wconf 85' lang='lat' dir='ltr'>inter</span> <span class='ocrx_word' id='word_1_256' title='bbox 1337 3787 1429 3877; x_wconf 87' lang='lat' dir='ltr'>Ma·</span> 
     </span>
     <span class='ocr_line' id='line_1_32' title="bbox 120 3900 1551 4018; baseline 0.002 -32"><span class='ocrx_word' id='word_1_257' title='bbox 120 3903 391 4014; x_wconf 74' lang='lat' dir='ltr'>gropolitanoa</span> <span class='ocrx_word' id='word_1_258' title='bbox 414 3901 749 4002; x_wconf 83' lang='lat' dir='ltr'>Ducesmedius,</span> <span class='ocrx_word' id='word_1_259' title='bbox 784 3927 888 4014; x_wconf 87' lang='lat' dir='ltr'>quos</span> <span class='ocrx_word' id='word_1_260' title='bbox 905 3900 1114 3992; x_wconf 76' lang='lat' dir='ltr'>Clarissimi</span> <span class='ocrx_word' id='word_1_261' title='bbox 1136 3916 1327 4015; x_wconf 87' lang='lat' dir='ltr'>proceres</span> <span class='ocrx_word' id='word_1_262' title='bbox 1351 3929 1424 4018; x_wconf 88' lang='lat' dir='ltr'>co·</span> <span class='ocrx_word' id='word_1_263' title='bbox 1548 3915 1551 3920; x_wconf 80' lang='grc'><em>“</em></span> 
     </span>
     <span class='ocr_line' id='line_1_33' title="bbox 121 4011 1479 4224; baseline 0.001 -122"><span class='ocrx_word' id='word_1_264' title='bbox 121 4011 315 4126; x_wconf 84' lang='lat' dir='ltr'>nituitur,</span> <span class='ocrx_word' id='word_1_265' title='bbox 343 4015 562 4114; x_wconf 83' lang='lat' dir='ltr'>admirabili</span> <span class='ocrx_word' id='word_1_266' title='bbox 574 4039 733 4138; x_wconf 86' lang='lat' dir='ltr'>pompa</span> <span class='ocrx_word' id='word_1_267' title='bbox 755 4015 976 4118; x_wconf 80' lang='lat' dir='ltr'>circulatim</span> <span class='ocrx_word' id='word_1_268' title='bbox 996 4015 1424 4224; x_wconf 48' lang='lat' dir='ltr'>hocnunobequlipplt.</span> <span class='ocrx_word' id='word_1_269' title='bbox 1478 4031 1479 4035; x_wconf 67' lang='lat'>‘</span> 
     </span>
    </p>

    <p class='ocr_par' dir='ltr' id='par_1_15' title="bbox 426 4155 1518 4241">
     <span class='ocr_line' id='line_1_34' title="bbox 426 4155 1518 4241; baseline 0.002 -55"><span class='ocrx_word' id='word_1_270' title='bbox 426 4163 472 4186; x_wconf 58' lang='lat' dir='ltr'>a·</span> <span class='ocrx_word' id='word_1_271' title='bbox 1264 4211 1269 4215; x_wconf 87' lang='lat'><em>.</em></span> <span class='ocrx_word' id='word_1_272' title='bbox 1401 4155 1426 4226; x_wconf 63' lang='lat' dir='ltr'>e</span> <span class='ocrx_word' id='word_1_273' title='bbox 1483 4221 1518 4241; x_wconf 43' lang='grc' dir='ltr'>Α</span> 
     </span>
    </p>
   </div>
   <div class='ocr_carea' id='block_1_13' title="bbox 0 0 1804 4692">
    <p class='ocr_par' dir='ltr' id='par_1_16' title="bbox 0 0 1804 4692">
     <span class='ocr_line' id='line_1_35' title="bbox 0 0 1804 4692; baseline 0 0"><span class='ocrx_word' id='word_1_274' title='bbox 0 0 1804 4692; x_wconf 95' lang='lat' dir='ltr'> </span> 
     </span>
    </p>
   </div>
  </div>
 </body>
</html>
