3566 4682
426 281 464 331 ‘¹
588 249 949 371 &lolffl
1036 321 1046 401 j.
1259 277 1262 284 Ἴ
1350 265 1444 370 273

145 445 374 568 ·Emilique
395 473 470 540 tuo
494 447 563 541 sub
592 455 776 551 nomine,
814 451 927 560 cujus
952 451 1102 540 bonuti
1328 515 1335 520 -
1361 483 1366 486 ·
1601 481 1606 488 ·

226 569 345 656 Mens
367 597 454 656 mea
477 571 677 686 propenso
700 570 835 658 dedita
860 569 983 655 corde
1005 565 1122 655 favet.

169 684 237 772 Ac
260 686 423 772 merito:
464 687 552 801 quis
574 689 681 796 enim
705 711 744 780 te
766 683 1079 802 praecellentibus
1103 682 1264 781 tullum

224 801 405 888 Dotibus
428 801 593 914 ingenii,
629 831 715 891 non
739 825 959 889 reverenter
981 804 1114 888 amet?

165 914 234 1004 Te
258 941 410 1028 matura
441 913 572 1006 senem
605 919 738 1006 reddit
765 918 997 1032 prudentia,
1031 913 1219 1030 quamvis

223 1029 365 1142 Signe't
385 1031 517 1120 adhuc
536 1058 691 1122 teneras
713 1035 776 1119 vix
802 1032 875 1120 tibi
891 1031 1026 1118 barba
1053 1057 1187 1148 genas.
1234 1062 1240 1076 ⁴

162 1145 326 1244 Tefflsrbi
355 1147 510 1262 relligio
545 1149 677 1238 custos
701 1139 878 1236 lidillima
905 1148 996 1233 coeli
1152 1251 1168 1262 ..
1341 1151 1346 1160 '

222 1263 446 1371 Vendicat,
476 1265 596 1385 inque
618 1291 692 1354 tuo
717 1265 881 1382 pellore
902 1262 1053 1378 templa
1076 1284 1203 1352 tenet.

158 1373 229 1466 Te
259 1378 420 1492 quoties
454 1407 624 1495 puerum
650 1379 788 1468 studiis
822 1378 1052 1478 incumbere
1074 1379 1171 1477 vidij
1288 1478 1292 1484 .

215 1495 287 1580 Ad
301 1495 450 1696 qelidas
476 1495 616 1586 Viadri
645 1493 1193 1613 quando!morabaruquas,¹

156 1603 278 1696 Talia
316 1639 383 1698 um
409 1609 534 1715 tacito
558 1610 625 1729 sub
652 1611 814 1726 pertore
838 1609 955 1714 verba
985 1607 1163 1724 locutus:
1236 1663 1237 1666 κ

217 1725 376 1812 Lumen
406 1727 481 1817 eris
505 1727 657 1840 patrie,
696 1751 740 1814 tu
766 1726 985 1827 Friderice,
1017 1749 1110 1834 tuat.

153 1834 474 1930 lilasefellerunt
497 1869 572 1930 nec
597 1871 671 1929 me*
694 1841 874 1958 presagia
898 1839 1055 1940 mentis,
1203 1865 1205 1870 ·

119 2027 135 2048 t
212 1953 388 2044 Praelulis
412 1955 549 2071 iufigni
575 1985 720 2052 munus
742 1957 902 2046 honore
927 1958 1041 2072 getis.

149 2069 251 2162 Nec
274 2070 444 2170 dubito,
477 2075 574 2187 quin
597 2071 643 2170 fit
665 2074 804 2159 divino
828 2075 992 2160 nomine
1014 2065 1182 2180 fadum,
1261 2110 1264 2116 ·

207 2185 349 2272 Rebus
371 2210 415 2274 ut
437 2185 613 2286 antistes,
651 2187 893 2302 preficerere
919 2184 1062 2274 sacris..

108 2347 112 2352 ·
149 2301 349 2414 Namque
369 2299 490 2400 status
511 2331 663 2400 rerum,
701 2299 940 2418 fortunaque
960 2303 1159 2416 temporis
1179 2299 1308 2414 hujus,

209 2415 382 2538 Flagitat
407 2413 597 2532 infignem
621 2417 827 2532 relligione
851 2419 993 2502 virum.
1048 2485 1049 2490 a
1299 2417 1302 2422 ’

145 2531 352 2624 Excubias
372 2532 443 2648 qui
494 2533 596 2620 astur
625 2558 736 2648 agar,
772 2561 823 2620 ne
844 2531 958 2620 rurba
981 2531 1176 2644 luporum

207 2646 338 2734 lrruat
358 2648 400 2736 in
424 2562 1087 2763 Cllristi'sanguinolenta'gregem

147 2757 322 2877 Qique
346 2759 496 2850 salutari
519 2765 783 2852 medicamine
808 2763 966 2850 vulnera
991 2787 1117 2862 curet,

90 2892 96 2898 “
208 2880 303 2965 Tor
325 2877 470 2992 quibus
493 2877 570 2966 heu
595 2877 740 2978 misera
765 2876 1037 2966 conficiuntor
1057 2905 1166 2966 oves.

145 2993 232 3084 His
255 2993 327 3080 tibi
353 2992 550 3093 decaufis
572 2989 707 3087 faveo:
740 3022 829 3093 mea
854 2990 1073 3109 scriptaque
1099 2984 1210 3096 duxi,

208 3103 300 3196 Ell'e
322 3108 397 3225 tibi
418 3133 606 3226 tanquam
636 3107 720 3218 jure
748 3107 915 3198 dicanda
940 3134 1025 3196 tuo.

144 3224 355 3338 Exiguum
375 3253 477 3314 vero
503 3253 586 3312 non
610 3223 861 3340 aspernabere
887 3249 1048 3312 munus:

104 3419 112 3424 .
197 3339 568 3428 Accedente'brevi
591 3341 777 3454 tempore
800 3334 947 3446 crescet
970 3363 1084 3451 opus.

146 3453 355 3543 lllullrabo
381 3455 518 3542 Duces
542 3484 706 3551 omnes,
740 3455 994 3568 tenebrisque
1017 3449 1210 3566 malignis

204 3569 385 3682 Eripiam
414 3573 559 3684 dignos
583 3561 810 3686 posteritate
834 3572 952 3657 viros.
1133 3589 1136 3596 ’

147 3679 234 3774 Sub
259 3685 404 3800 quibus
427 3689 580 3799 antiqui
604 3687 748 3775 Brenni
775 3682 1122 3786 Mavortiatellus

168 3901 172 3904 ,
203 3800 381 3904 claruit,
418 3825 460 3894 et
485 3803 644 3919 liquide
673 3801 805 3922 redut
829 3799 1010 3894 Havelus
1037 3827 1159 3918 aquaej.

450 4065 457 4074 .
710 3939 846 4048 idibus
869 3940 1040 4058 Augusti
1055 3946 1181 4034 Anno
1200 3937 1257 4032 M.
1272 3935 1324 4028 D·
1339 3933 1418 4026 Lll·
1484 4037 1488 4044 ,
1585 3994 1596 4052 3

493 4121 497 4126 ⁵
599 4145 600 4150 '
722 4139 846 4258 Pp}
1295 4133 1517 4229 XXlL'
