3600 4692
373 279 486 384 ,154
638 258 836 354 ’·.Ρν3ιιι
873 254 1181 368 virtutum
1215 256 1500 387 ARWAE‘:
1580 325 1585 340 ,

315 559 323 588 x
397 455 690 575 Danncnberg,
725 457 959 552 Foedtricus
986 456 1329 574 dethllsrath,¹
1351 458 1461 546 Otto
1492 455 1543 544 de
1572 449 1716 545 setrich

380 577 488 692 Qi
504 603 665 676 omncs,
694 573 906 692 postquam
923 572 1030 685 septa
1054 600 1149 660 areae
1168 574 1322 688 equites
1344 571 1497 687 ingressi
1514 569 1621 676 sunt,
1645 571 1716 656 huc

399 718 519 808 atque
534 691 630 778 illuc
645 690 865 804 equitando
879 715 1090 804 pompam,
1112 717 1192 802 qua
1210 687 1307 774 nihil
1324 688 1616 802 pompabilius,
1646 685 1717 800 spes·

400 806 620 894 {latoribus
637 803 859 892 exhibuere.
918 805 960 891 ln
977 802 1115 916 primis
1131 827 1264 890 autem
1281 804 1401 916 galeis
1418 801 1547 890 infixa
1562 801 1717 894 verscoe

398 952 463 1014 res
478 921 763 1010 Sthrutionum
779 947 933 1036 penna,
948 921 1270 1034 quarumingens
1289 905 1510 1007 multitudo
1526 915 1614 1020 fuit,
1645 914 1717 1027 spu
1780 945 1788 966 ,

392 1039 595 1126 ,flantium
627 1037 772 1123 oculos
801 1034 1067 1122 obledlavere.
1131 1031 1227 1122 Poll
1248 1029 1332 1120 hos'
1359 1031 1596 1146 paulopost,
1635 1057 1718 1118 ecce

370 1227 375 1236 .
401 1145 795 1242 venitlllullrisrimus
817 1151 1008 1264 Princeps
1030 1150 1280 1258 Joacruuvs,
1308 1147 1348 1236 S.
1365 1149 1415 1238 R.
1431 1151 1528 1262 lmp.
1544 1151 1718 1262 Septem·

340 1357 343 1366 ,
401 1269 475 1374 vir,
498 1264 1103 1379 blarehio‘Brandcnburgensrs,
1134 1265 1252 1354 armis
1268 1264 1432 1352 indutus
1454 1265 1611 1368 talibus,
1635 1287 1719 1378 qna·
1791 1303 1792 1320 r

399 1383 456 1474 lia
468 1382 756 1470 claudicantem
773 1381 1027 1478 Vulcanum,
1062 1379 1253 1470 Thetidis
1279 1379 1465 1492 precisus
1482 1405 1722 1494 permotum,
1791 1455 1792 1496 ἰ

388 1497 536 1588 'ferunt
561 1497 667 1588 Pelei
696 1496 783 1584 filio
808 1495 970 1584 Achilli·
990 1493 1200 1584 fabricasse.
1256 1495 1591 1584 Circumdederat
1621 1494 1718 1580 enim
1791 1557 1792 1564 Ν

341 1631 346 1640 ’
400 1613 584 1704 cruribus
600 1611 747 1702 tibialia
766 1609 946 1726 pulchris
962 1610 1199 1700 internodiis
1217 1610 1415 1724 distinna,
1445 1635 1486 1700 et
1502 1613 1607 1704 circa
1625 1609 1718 1698 talos
1791 1637 1792 1702 3

400 1727 626 1837 submissis,
647 1727 820 1843 pedibus
838 1753 934 1816 vero
949 1725 1182 1844 exchalybe
1216 1727 1374 1814 calceos
1391 1727 1613 1826 induxerat,
1633 1752 1716 1814 eum

400 1845 524 1960 longe
548 1843 707 1960 lateque
734 1843 941 1931 lucentem·
964 1867 1006 1931 et
1029 1841 1113 1931 lato
1130 1841 1286 1957 peslori
1304 1841 1504 1930 concinne
1528 1841 1718 1930 adhaeren-

288 2070 293 2076 .
341 1957 345 1966 ’
376 1983 487 2050 ,tem
510 1957 740 2060 thoracem,
782 1983 823 2045 et
848 1954 968 2046 dorso
997 1957 1172 2046 validum
1210 1981 1490 2072 tegumentum
1516 1966 1718 2073 aptaverat,

398 2075 498 2164 inde
522 2071 788 2164 brachialibus
815 2069 975 2161 torosos
1006 2073 1197 2174 lacertos,
1239 2075 1407 2182 manicis
1426 2101 1525 2160 uero
1542 2073 1719 2188 pulcher·

251 2253 261 2262 ·-
337 2237 340 2244 v
400 2189 522 2280 rimas
537 2217 680 2290 manus
699 2183 927 2278 incluserat:
962 2187 1123 2277 Dehinc
1146 2186 1276 2277 ensem
1298 2185 1474 2303 pulchro
1497 2188 1645 2304 capulo
1663 2213 1718 2275 ac·

402 2307 574 2414 cirillus,
601 2305 720 2420 capiti
735 2305 888 2420 galeam
905 2302 1063 2406 indidit,
1080 2301 1287 2418 superbam
1306 2305 1484 2419 quidem,
1505 2295 1572 2398 se'd
1587 2329 1717 2420 parum

305 2457 310 2479 ⁸
401 2422 547 2520 fidam,
574 2422 697 2512 cristis
714 2451 763 2510 ex
779 2419 1063 2524 Sthrutionum
1082 2419 1225 2533 pennis
1248 2419 1518 2510 concinnatis:
1556 2445 1641 2535 que
1658 2415 1717 2505 ad·

401 2539 577 2656 modum
603 2537 809 2624 uidebatur
831 2533 1078 2624 horrendum
1100 2534 1294 2651 quiddam
1317 2538 1496 2624 innuere.
1534 2532 1643 2624 Tali
1666 2557 1716 2618 ar·

401 2679 559 2742 matura
580 2652 759 2738 munitus
779 2649 956 2765 lnclytus
972 2651 1268 2759 Joncutmvs
1283 2679 1395 2768 equo
1416 2647 1715 2742 insidens'bella·

401 2770 484 2858 tori
511 2767 602 2886 (qui
619 2792 664 2864 ut
680 2767 893 2854 Po‘e'taair:
935 2838 938 2852 .
1471 2823 1476 2830 ·

551 2947 673 3028 Altius
695 2946 913 3050 ingreditur,
947 2947 1117 3026 ermoldo
1141 2971 1250 3028 crura
1272 2953 1408 3054 reponit

549 3073 716 3150 Primus:
746 3091 777 3150 rr
796 3075 850 3150 ire
871 3076 983 3162 uiant,
1016 3057 1048 3150 'tt
1056 3077 1187 3182 fluuios
1207 3095 1339 3154 turture
1358 3079 1507 3184 rnirtutrr
1594 3109 1597 3114 ·

398 3243 401 3254 ·
548 3191 688 3276 Audet:
717 3211 749 3268 et
772 3189 978 3297 ignato‘sesr
997 3195 1202 3270 committere
1220 3213 1337 3298 panta.

550 3309 622 3387 Nec
640 3332 743 3385 aanor
762 3307 1081 3415 harretjlrrpt‘tut:
1114 3311 1168 3386 issi
1194 3311 1309 3388 arduo
1336 3315 1480 3389 ceruix:
1597 3335 1605 3342 ·

549 3430 795 3535 Argutumque
813 3451 934 3536 caput,
965 3431 1079 3509 brevis
1092 3431 1220 3536 ulum,
1248 3429 1409 3544 abdoque
1428 3451 1531 3540 tergo
1634 3415 1639 3426 ⁵

550 3555 800 3659 Luxuriatque
825 3559 913 3632 roris
942 3551 1134 3658 cannosum
1146 3563 1272 3658 petitu.

529 3755 532 3762 .
894 3673 950 3762 Et
974 3674 1098 3799 paulo
1128 3663 1239 3789 poll:

550 3795 643 3875 Turn
653 3797 694 3900 st
714 3797 922 3904 quasiauum
939 3803 1066 3906 protus
1084 3827 1187 3880 arma
1218 3799 1337 3878 dedere
1428 3793 1432 3804 ’
1476 3855 1480 3865 -
1513 3825 1532 3856 ·

550 3919 655 3997 Stare
674 3920 742 3996 loco
763 3923 884 4026 nestit,
911 3928 1014 4002 mitat
1033 3923 1200 4013 curibus,
1231 3939 1264 4001 et
1286 3925 1406 4002 tremit
1431 3941 1546 4018 artur,

401 4083 407 4090 ·
464 4051 466 4062 '
549 4035 790 4150 certumque
804 4067 965 4158 premam
983 4033 1173 4166 iuluitsui
1191 4041 1340 4151 auribus
1358 4048 1484 4155 igurari,
1610 4056 1697 4263 ‘s

870 4181 875 4192 ’
1488 4203 1490 4214 ·
1601 4163 1709 4252 Dur
