3566 4682
375 291 691 447 '284Joncurll
706 243 1676 417 Error.Brinnss'rrsr.noSro'rsuvuuAEouRco.

339 517 344 530 “
387 525 507 598 locem
522 521 666 606 attulit,
695 529 780 614 qu'ae
797 518 983 614 queritur,
1010 533 1080 586 nos
1096 533 1173 586 rem
1192 513 1376 610 indignam
1394 507 1412 587 'a
1432 511 1472 590 R.
1490 515 1539 592 V.
1559 515 1606 591 D'.
1622 519 1702 616 perp.

389 625 469 708 llio,¹
505 644 545 696 ac
562 607 732 696 videmus
754 640 832 692 eam
853 612 993 712 perlem
1013 615 1145 688 non'in
1163 635 1242 686 eam
1269 618 1484 691 sententiam
1500 619 1701 698 melleum
1762 639 1768 655 ¹

388 725 479 811 elle,
505 725 542 800 in
556 745 665 819 quarn
681 715 701 794 ὲ
718 719 827 794 nobis
843 718 971 814 scripta
986 715 1048 792 est.
1098 713 1183 788 Nos
1210 715 1375 823 semper,
1399 720 1508 810 etiam
1529 738 1609 794 ante
1627 722 1702 794 hunc

387 825 548 902 nostram
562 815 796 902 affinitatem,
822 819 969 894 laudare
985 817 1277 914 magnitudinem
1296 817 1405 893 animi
1418 810 1420 820 ’
1431 837 1470 892 et
1487 819 1701 894 constentiam

387 926 429 1001 R.
450 925 494 996 V.
513 923 563 998 D.
586 921 684 998 soliti
704 921 843 1004 sumus,
872 941 978 1012 quam
1002 914 1127 1014 polleo
1146 919 1266 990 multo
1283 918 1702 1091 *maglsffnraedicevimun

387 1025 464 1105 Sed
481 1025 553 1100 scio
569 1027 681 1100 etiam
696 1019 735 1096 R.
753 1017 799 1102 V.
816 1018 866 1094 D.
882 1019 926 1092 ad
943 1021 1034 1092 hanc
1054 1019 1229 1094 mrtutem
1251 1013 1407 1114 adjunxi
1437 1045 1458 1094 e
1485 1021 1570 1096 alias
1583 1023 1701 1097 mulus

385 1129 491 1203 bono
509 1123 677 1218 Principe
700 1122 850 1219 dignas:
884 1118 1236 1202 arnoremfvirtutis,
1268 1114 1505 1195 Christianam
1529 1121 1700 1219 pietatem,
1772 1183 1773 1212 q

279 1256 284 1262 ·
384 1225 579 1320 justitiam,
612 1213 889 1297 Clementiamt-
920 1237 1076 1318 propter
1094 1217 1155 1292 bas
1171 1219 1326 1293 virtutes
1353 1217 1514 1296 libenter
1530 1223 1700 1318 consilium
1772 1219 1773 1260 ³

276 1365 291 1386 ·
384 1347 509 1402 meum
526 1323 716 1424 fignificuvi
734 1319 773 1396 R.
790 1319 835 1398 V.
852 1315 901 1394 D.
917 1343 957 1394 ac
974 1321 1103 1416 spero,
1134 1341 1215 1394 erun
1239 1342 1315 1392 non
1339 1321 1629 1418 improbaturum
1643 1323 1700 1400 elle

381 1422 474 1500 hunc
490 1447 607 1516 meam
623 1411 851 1499 uoluntatem
876 1421 1165 1512 inmoderaudls
1191 1419 1355 1496 abusibus
1391 1422 1627 1518 quibusdam,
1657 1423 1697 1498 ob
1764 1468 1772 1482 -

186 1639 189 1646 .
261 1513 291 1614 ,⁶
382 1529 484 1604 illam
500 1523 738 1626 graviffimam
755 1523 914 1604 causam,
939 1543 986 1594 ne
1004 1517 1405 1616 dilllpenturEcclefiae
1431 1521 1584 1606 nostrae,
1610 1523 1698 1620 quod

372 1627 668 1710 summouet,
699 1625 722 1703 sr
739 1623 922 1728 mpnilella
945 1625 1033 1698 vitia
1048 1621 1346 1720 defenderentur.
1398 1619 1493 1696 Cum
1515 1645 1635 1698 autem
1651 1645 1698 1696 cu·

382 1731 483 1828 piam
499 1725 803 1804 cousuetudinem
819 1721 1003 1798 carilllmae
1016 1720 1188 1820 conjugis
1201 1743 1294 1794 meae
1312 1744 1455 1798 mecum
1479 1721 1696 1800 suavissimam

382 1830 452 1910 elle
468 1827 554 1926 ipsis,
565 1822 666 1924 ‘quae
679 1825 822 1922 semper
836 1825 924 1910 fuit,
953 1844 992 1898 et
1009 1823 1099 1897 Deo
1113 1812 1223 1896 danle
1238 1821 1356 1895 lutura
1370 1823 1420 1897 est
1434 1847 1625 1920 perpetua,
1641 1847 1695 1922 pe·

380 1931 462 2016 tivi,
488 1947 531 2004 ut
546 1929 581 2002 ei
597 1925 786 2002 confilium
804 1925 964 1998 nostrum
980 1940 1248 2020 exponeretur,
1259 1943 1344 2018 quae
1359 1923 1509 2018 quidem
1524 1926 1574 2000 ita
1588 1923 1695 2000 morer

167 2087 173 2100 .
379 2049 481 2105 meas
498 2027 608 2100 habet
624 2023 893 2124 perpetimur
910 2023 995 2100 sciat
1012 2033 1130 2100 me'et
1148 2021 1345 2119 religionis
1361 2023 1560 2100 studiosum
1578 2025 1694 2108 elimet
1773 2041 1774 2090 r

380 2129 580 2206 abhorrere
595 2127 639 2200 ub
653 2125 792 2225 injustis
809 2125 978 2200 conbliis.
1027 2123 1200 2220 Cumque
1222 2123 1260 2195 in
1283 2121 1356 2218 hoc
1376 2125 1501 2198 nostro
1530 2127 1693 2225 conjugio
1773 2219 1774 2222 p

380 2227 554 2308 celebrari
571 2229 682 2304 etiam
697 2225 822 2302 Deum
844 2230 1045 2324 cupiamus,
1062 2223 1158 2320 saepe
1172 2243 1306 2327 preces
1321 2222 1596 2324 conjungimus,
1613 2227 1693 2322 saepe

255 2345 266 2410 ,⁸
332 2362 335 2376 ’
380 2331 429 2408 de
452 2329 591 2408 diuinis
613 2329 810 2412 mandatis,
841 2326 1084 2424 Jdespevirae
1106 2343 1276 2408 aeteruae‚
1308 2323 1692 2403 debeneficiisChrilli

286 2450 290 2458 '
379 2433 650 2529 colloquimur:
691 2415 726 2502 in
744 2429 800 2502 lris
818 2427 1046 2514 sermonibus
1060 2427 1169 2500 etiam
1195 2426 1314 2520 pietas
1334 2425 1442 2521 iplrus
1458 2427 1550 2502 mihi
1575 2448 1693 2526 magno

285 2559 288 2566 ’
378 2533 513 2608 solatio
530 2533 589 2606 eli.
630 2527 671 2604 Si
690 2551 789 2626 quos¹
803 2548 926 2608 autem
948 2546 1046 2632 umet
1063 2526 1163 2608 ritus,
1191 2523 1324 2602 bissuo
1339 2524 1489 2603 arbitrio
1506 2531 1559 2602 uti
1577 2519 1691 2627 putell

376 2629 472 2710 Nam
490 2629 581 2704 mihi
597 2633 771 2742 muxjmae
787 2652 885 2702 curae
902 2627 973 2713 est,
1004 2645 1046 2701 ut
1065 2625 1227 2698 nostrum
1246 2621 1460 2722 conjugium
1489 2633 1633 2728 utrique
1646 2627 1692 2726 ju·

379 2733 540 2808 cundum
556 2729 608 2812 sit,
633 2749 671 2805 et
689 2730 859 2805 salutare:
885 2747 926 2822 et
941 2727 1070 2802 Deum
1089 2747 1180 2810 oro,
1207 2741 1248 2798 ut
1261 2720 1387 2802 utrius'
1405 2751 1451 2802 ue
1466 2749 1623 2806 mentem
1638 2749 1692 2827 gu·

377 2833 510 2908 bernet
524 2831 568 2906 ad
585 2828 680 2910 suam
697 2829 856 2903 laudem.
909 2827 993 2907 Oro
1008 2845 1133 2900 autern
1150 2841 1190 2900 et
1206 2823 1372 2900 obtestor
1436 2827 1484 2904 V.
1495 2827 1544 2904 D.
1559 2849 1600 2905 ut
1614 2831 1691 2902 nme

242 2933 247 2946 '
376 2929 535 3006 nostram
551 2932 947 3004 commemorationem
963 2930 1054 3002 boni
1069 2925 1251 3004 consulat:
1292 2945 1331 2999 et
1349 2945 1391 3002 ut
1411 2945 1568 3024 paterno
1580 2945 1689 3004 amore

374 3051 450 3106 nos
467 3028 752 3123 complexrest.
775 3030 825 3102 ita
851 3049 1037 3126 nunquam
1060 3025 1165 3112 fruar,
1197 3028 1367 3102 animum
1381 3025 1483 3104 suurn
1504 3027 1689 3104 abalienari.

376 3129 465 3209 Nos
480 3123 630 3207 viciffim
648 3129 847 3226 pietatem,
882 3153 991 3225 quum
1008 3127 1278 3225 fillusoptimo
1332 3129 1397 3202 utri
1415 3127 1546 3215 deber,
1571 3131 1688 3202 sumne

376 3231 450 3312 fide
465 3228 732 3330 praellabimus:
766 3251 809 3316 ac
824 3231 931 3306 valde
947 3249 1142 3328 rogamus,
1170 3247 1211 3302 ut
1228 3225 1267 3301 R.
1282 3150 1329 3304 ll)
1344 3228 1393 3302 11
1411 3232 1533 3304 mittat
1544 3233 1686 3326 aliquem

374 3331 841 3428 buc,eumquoropiorius
856 3334 903 3406 de
919 3329 975 3404 his
992 3329 1102 3404 rebus
1118 3328 1284 3424 colloqui
1296 3323 1439 3424 pullum,
1451 3333 1515 3426 qui
1537 3339 1686 3426 exponat

426 3432 572 3529 conjugi
590 3452 686 3506 meae
703 3425 900 3511 carillrmae‚
910 3430 1204 3504 benevolentiam
1215 3427 1254 3502 ll.
1264 3427 1310 3502 V.
1320 3425 1368 3501 D.
1384 3449 1470 3528 erga
1488 3453 1546 3505 me
1563 3429 1646 3504 nibil

540 3549 715 3618 mutatam
729 3531 811 3610 elle.
832 3503 965 3606 'liene
981 3531 1102 3604 valeat
1116 3527 1156 3602 R.
1175 3529 1220 3603 V.
1236 3527 1285 3604 D.
1307 3547 1418 3628 quum
1433 3529 1541 3608 Deus
1669 3555 1678 3574 ⁹

812 3629 1012 3722 diuservet
1033 3629 1273 3706 incolumem.
1445 3651 1450 3660 ’
