3534 4682
403 293 480 380 40²
683 323 685 334 ·
756 256 1414 395 Gururaauquesrrur

401 472 488 583 sum
511 471 790 562 declaraturus.
847 469 1001 584 Qnd
1036 466 1136 554 dum
1152 463 1289 574 saccte
1320 473 1549 589 aggredior.
1581 477 1686 568 adcllc
1752 447 1753 516 l

262 705 263 712 Ν
399 591 556 692 animis,
587 589 766 705 mihique
780 589 950 676 breviter
967 583 1217 691 ostendenti,
1247 581 1687 702 quusNeostadiumlra·

399 709 534 797 buerit
552 709 812 803 conditores,
848 733 933 817 quo
962 701 1133 814 gaudeat
1160 699 1255 828 srru,
1284 708 1428 809 forma,
1458 711 1691 800 aedificiorum

401 828 615 934 struuura,
654 823 806 938 politia,
835 819 996 916 Schola,
1025 814 1212 918 Ecclefia,
1240 851 1325 915 nou
1349 853 1463 912 aures
1481 830 1615 934 modo,
1639 825 1691 918 sed

401 969 559 1040 trientes
574 967 740 1058 quoque
753 960 935 1038 attentas,
964 929 1095 1049 queso
1120 935 1315 1056 paulisper
1328 941 1551 1034 adhibete·

534 1349 1064 1473 Atqueuthincexordiata
1093 1351 1134 1440 Si
1151 1349 1249 1441 libet
1263 1353 1462 1472 originem
1488 1379 1529 1449 et
1546 1357 1690 1472 antiqui·

339 1557 341 1562 ,
398 1501 524 1576 tatem
541 1475 649 1563 urbis
664 1471 804 1558 nostra
831 1467 1099 1567 consrdetare,
1128 1497 1213 1556 non
1231 1474 1394 1584 quidem
1415 1474 1468 1559 de
1488 1475 1689 1587 primordio

391 1627 422 1702 a
440 1594 576 1684 multis
590 1587 726 1678 seculis
742 1587 921 1721 dedqslo
937 1585 1094 1702 gloriari
1112 1587 1352 1700 poterimus,
1362 1592 1689 1704 quemadmodum

335 1733 341 1738 “
397 1707 586 1804 Thebani
605 1703 642 1794 se
663 1701 839 1814 jactitant
854 1743 1017 1814 neptas,
1045 1701 1224 1788 Arcades
1248 1713 1478 1815 apamiam,
1514 1731 1555 1794 et
1583 1705 1688 1793 Athe·

398 1824 552 1918 nienses
573 1832 815 1928 dorsatensem
849 1819 1095 1929 reperiemus
1121 1841 1255 1908 tamen
1282 1823 1450 1934 optimis
1476 1847 1518 1910 et
1540 1823 1687 1936 antiquis

397 1945 568 2039 eandem
593 1940 768 2052 gaudere
792 1933 1105 2022 Condituribus.
1185 1933 1431 2050 Principium
1461 1965 1596 2026 autem
1627 1937 1686 2024 tale

268 2081 270 2086 ·
395 2060 485 2148 fuit.
540 2057 653 2144 Ante
674 2053 785 2140 mille
808 2075 1052 2166 centumque
1073 2077 1219 2147 annos,
1256 2047 1331 2140 fuit
1352 2053 1469 2155 locus
1491 2053 1561 2143 hic
1580 2053 1685 2141 noller

396 2178 515 2290 plane
531 2172 725 2266 incultus}
755 2167 823 2255 ubi
837 2193 948 2253 nunc
962 2163 1095 2252 seritur
1111 2191 1150 2256 et
1168 2169 1343 2266 metitur,
1378 2195 1459 2256 erat
1474 2170 1645 2258 sterilitas
1659 2193 1684 2254 et

261 2341 290 2362 κ
394 2291 592 2410 sylvarum
621 2283 808 2382 densatasa
839 2281 907 2370 ubi
937 2279 1155 2382 habitatur,
1191 2307 1274 2370 crat
1296 2279 1468 2371 fetatum
1501 2285 1684 2400 speleum

395 2408 468 2498 ubi
492 2410 571 2494 itur
592 2427 633 2504 et
647 2400 804 2490 vehitur
820 2423 901 2486 erat
916 2395 1023 2484 sedes
1046 2397 1270 2500 latronum,
1305 2426 1345 2488 et
1367 2401 1603 2512 praedonum
1626 2404 1682 2489 late

393 2523 624 2637 vagantium
640 2547 687 2606 ac
700 2513 954 2630 spoliantium
973 2509 1186 2628 refugium.
1243 2520 1390 2630 Arguit
1408 2519 1448 2602 id
1467 2519 1595 2630 ipsum
1611 2517 1683 2604 stus

284 2641 286 2646 ’
394 2643 598 2736 rivorum,
626 2631 802 2750 sontium
819 2656 859 2719 et
880 2629 1099 2728 montium,
1116 2656 1156 2716 ct
1173 2625 1271 2720 salvae
1287 2629 1488 2722 densiores
1503 2633 1684 2726 infinibus

93 2817 96 2826 Δ
227 2821 243 2828 -
351 2762 586 2871 'agrorum
613 2745 851 2860 conspicua.
906 2743 1341 2838 Testimoniumjnrei
1371 2754 1611 2839 memoriam
1638 2749 1682 2834 iti·

394 2875 490 2962 dem
509 2895 594 2956 uon
611 2863 778 2956 obscure
794 2861 1004 2976 perhibent
1021 2856 1260 2974 Amplissrmi
1272 2863 1439 2950 Senatus
1459 2855 1631 2982 insignia
1641 2863 1680 2948 ob

391 2987 437 3074 id
462 2981 620 3070 fortean
655 2980 831 3094 gerentia
858 2976 1015 3064 densam
1088 3006 1271 3077 nereum,
1298 2975 1450 3066 fruslus
1477 2975 1532 3068 sui
1567 2977 1681 3096 plenis·

393 3099 546 3196 simam,
575 3115 616 3184 et
632 3097 671 3181 in
688 3095 906 3189 cacumine,
933 3093 1105 3208 aquilam
1123 3094 1295 3190 rubram,
1325 3095 1504 3209 expansis
1524 3098 1605 3196 alis,
1627 3125 1681 3184 co·

390 3241 493 3308 tona
514 3209 733 3327 infignitam
757 3239 894 3310 autea,
925 3207 1162 3307 habentem,
1189 3212 1238 3297 ad
1263 3210 1374 3324 cuius
1398 3210 1681 3300 utrinse'cusde·

250 3432 253 3443 ‚
390 3331 614 3449 pendentes
637 3355 771 3417 ramos
786 3327 935 3440 Verres
956 3323 1041 3410 duo
1065 3321 1100 3410 se
1117 3325 1292 3436 erigunt,
1327 3327 1488 3436 glandes
1506 3329 1613 3412 velut
1627 3328 1681 3411 de·

268 3459 272 3467 “
387 3448 580 3563 cetpturi.
638 3439 1044 3552 Attestaturdenique
1064 3465 1213 3524 nomen
1232 3441 1466 3556 antiquioris
1489 3443 1596 3528 urbis
1611 3467 1681 3558 paru

335 3591 338 3609 '
388 3567 463 3664 ris,
499 3561 612 3676 quod
634 3557 902 3648 Eberswaldia
917 3551 985 3668 ipfi
1005 3579 1217 3666 propterea
1233 3555 1427 3655 inditum;
1464 3585 1595 3673 neque
1609 3581 1680 3642 non

389 3709 413 3770 a
434 3677 639 3768 moenibus
654 3675 762 3764 haud
778 3670 924 3805 prpcul
939 3669 1088 3758 dissitus
1106 3694 1237 3776 mons,
1261 3699 1381 3786 quem
1399 3673 1626 3787 Antiquitas
1640 3668 1680 3755 ab

387 3823 580 3911 aprorum
605 3816 646 3880 et
666 3791 858 3880 Verrium
884 3787 1009 3900 copia
1025 3785 1265 3874 Chaerorum
1295 3784 1372 3873 five
1404 3787 1445 3874 in
1475 3785 1540 3876 sua
1559 3789 1678 3900 ‘lingua

384 3915 455 4006 bert
472 3915 716 4018 &streberge
733 3901 943 3994 Posteritas
967 3927 1121 3998 autem,
1146 3903 1272 4020 quod
1298 3901 1413 3991 illum
1431 3905 1623 3992 exercitiis
1635 3899 1677 4010 ja·

360 4028 589 4124 ‘celatoriis
608 4027 820 4126 dicaverat,
850 4025 920 4118 ben
936 4015 1201 4132 &discalcea
1216 4021 1303 4117 ubst
1318 4023 1540 4138 bensium,
1558 4011 1676 4224 aqapveiln
