3600 4692
364 249 469 388 146,
641 257 815 355 Plauti
842 231 1143 350 Vruirtterrr
1181 255 1415 382 Auaraa'u

243 564 246 572 ,
367 461 580 582 postquam
609 459 649 546 in
681 460 823 548 urbem
860 488 1104 556 conuenere,
1159 483 1197 547 et
1232 461 1281 547 ab
1304 457 1461 580 inclyto
1489 459 1688 576 Jnacrrt·

240 599 243 609 ’
368 608 440 669 nro
475 603 726 693 nequaquam
762 577 990 687 ignorante,
1045 576 1277 688 liberalitate
1311 577 1538 690 Principem
1572 577 1690 694 inpri-

307 779 312 786 .
369 697 447 784 mis
478 689 678 808 praestare,
708 685 921 804 pulchrum
949 689 1044 789 esse,
1090 685 1320 778 commeatu
1351 687 1590 805 amplissimo
1620 692 1692 778 do·

367 811 450 899 nati
485 807 584 896 sunt.
647 807 825 894 Primum
862 807 986 918 epulis
1021 805 1151 894 famen
1189 807 1389 906 eximunt,
1427 806 1614 922 fitimque
1639 805 1691 894 s·

369 929 485 1022 dant;
522 924 671 1036 Neque
688 923 794 1008 euim
818 918 932 1008 facile
950 921 1003 1008 eli
1020 921 1250 1010 esurientem
1281 948 1458 1010 ventrem
1478 923 1692 1010 absconde·

370 1071 426 1142 re,
457 1041 525 1170 qui
542 1035 722 1124 humano
738 1037 873 1150 generi
892 1037 1117 1126 multorum·
1131 1037 1332 1126 malorum
1351 1038 1581 1142 auslot‘esb
1610 1038 1693 1128 ¹hu·
1795 1081 1796 1118 r

284 1207 286 1216 ,
370 1155 432 1266 jus
458 1184 565 1242 enim
590 1153 733 1266 gratia,
768 1178 814 1241 ut
830 1149 885 1238 eli
908 1155 1016 1266 apud
1040 1153 1233 1252 eundem,
1272 1179 1392 1281 quem
1411 1152 1507 1268 saepe
1523 1156 1695 1242 nomino

370 1273 626 1368 Homerum,
661 1293 786 1356 naves*
802 1295 874 1380 per
899 1269 1156 1384 tranquillum
1192 1279 1299 1376 mete
1317 1270 1485 1390 exitium
1513 1268 1694 1357 hoslibus
1795 1295 1796 1320 ³

258 1425 260 1432 ⁴
370 1385 585 1494 inferentes
629 1408 825 1500 parantur.
901 1384 1097 1472 Preteteo
1124 1384 1192 1471 hic
1224 1413 1568 1498 commemorare,
1609 1385 1694 1500 quis

369 1506 477 1593 enim
496 1501 633 1588 omnia
659 1499 780 1586 velit?
815 1497 924 1586 autsr
943 1501 1055 1600 velit,
1085 1498 1228 1616 possit?
1265 1501 1546 1613 principalium
1563 1501 1694 1632 epula·

370 1648 460 1710 rum
478 1642 723 1732 apparatum,
753 1613 1055 1730 mensarumque
1077 1615 1283 1716 lautitiam,
1309 1617 1595 1730 variorumque
1613 1608 1694 1704 mis·

368 1733 483 1826 suum
499 1727 805 1823 ,multitudinem
828 1733 1176 1832 innumerabilem,
1214 1732 1399 1846 variaque
1421 1731 1503 1818 vini
1530 1745 1694 1846 genero·

369 1848 498 1942 filimi
514 1875 676 1966 genera,
702 1847 847 1962 quibus
861 1848 1063 1963 perediam
1081 1844 1349 1962 bibesiamque
1370 1849 1552 1936 convive
1570 1845 1695 1964 depu-

368 1967 486 2058 suere.
545 1964 599 2052 Et
613 1965 706 2079 quia
724 1988 861 2052 venter
876 1963 1033 2077 plenus,
1050 1990 1094 2050 ut
1111 1963 1191 2050 dici
1207 1958 1318 2060 solet.
1344 1963 1432 2074 turn
1450 1965 1695 2064 meleretum

370 2197 433 2291 sus
450 2197 708 2312 animumque
732 2195 912 2295 deliniat,
939 2191 1144 2311 neposnis
1160 2193 1336 2298 menstsi-
1359 2193 1428 2310 sub
1444 2198 1581 2286 noiiis
1597 2224 1695 2286 tem.

288 2313 295 2322 ’
369 2315 520 2432 peliate
538 2341 682 2403 omnes
699 2315 738 2401 in
759 2314 983 2428 pretoriam
1002 2313 1191 2420 domum,
1209 2311 1355 2428 que-in
1370 2312 1468 2400 urbe
1483 2316 1618 2424 media
1634 2311 1697 2412 est,

229 2483 234 2492 ·
370 2433 577 2546 Principes
593 2429 682 2516 Viri
699 2453 739 2517 et
753 2431 943 2516 Foeminae
958 2430 1217 2516 conveniunt.
1283 2427 1366 2516 lllic
1382 2429 1480 2516 dum
1496 2430 1695 2522 luminum

369 2551 543 2656 maxima
560 2545 817 2634 multitudine
833 2545 964 2632 noilis
980 2545 1150 2633 tenebtae
1166 2545 1401 2642 vincuntur,
1427 2545 1477 2632 ad
1495 2542 1642 2636 funalia
1658 2567 1695 2635 et

368 2663 551 2768 lichnus,
583 2659 824 2758 saltationes,
855 2659 1092 2777 choteaeque
1118 2663 1358 2750 matronales
1371 2662 1590 2752 ductmtur.
1646 2659 1694 2748 Et

369 2780 548 2896 jamnon
569 2778 707 2888 paucis
727 2775 912 2862 siaticulis
930 2775 1141 2874 desaltatis,
1172 2805 1243 2889 per
1259 2777 1512 2878 Praeconem,
1554 2777 1694 2896 (quent

200 2115 211 2134 ¹
251 2094 273 2160 Ἀ
370 2079 507 2173 audire
522 2081 584 2166 vel
601 2081 738 2194 potius
755 2107 869 2193 agere
885 2079 1035 2194 aliquid
1051 2081 1177 2192 cupit,
1206 2079 1600 2194 quodobleiiet‚·et
1617 2079 1695 2170 sen·
1796 2131 1797 2168 1

370 2892 496 2982 noslri
514 2891 736 2980 Heraldum
754 2915 923 2990 vocant,
959 2891 1058 2979 milri
1077 2895 1248 2982 eundem
1275 2895 1368 2981 alias
1391 2896 1607 2982 emeritum
1622 2889 1695 2983 live
1797 2899 1798 2902 ‘

329 3051 331 3056 ·
369 3009 608 3116 Rudiarium
635 3007 844 3094 nominate
867 3009 1095 3096 collibitum
1116 3005 1191 3112 est,
1228 3005 1381 3096 tametsi
1403 3007 1518 3098 sciam
1540 3010 1694 3098 launca

371 3115 569 3242 plerisque
585 3123 769 3211 Heroem
789 3123 881 3220 dici,
897 3153 1004 3210 nunc
1020 3151 1118 3211 vero
1136 3153 1229 3211 cum
1247 3125 1288 3212 id
1305 3123 1429 3211 officii
1445 3145 1566 3240 gerat,
1583 3129 1693 3242 quud

372 3243 480 3358 apud
497 3239 731 3326 Homerum
746 3237 1004 3326 Thalrhibius
1030 3265 1069 3326 et
1089 3237 1324 3338 Euribates,
1350 3243 1489 3328 Prarco
1513 3243 1694 3332 amearl·
1724 3327 1728 3334 .

138 3483 143 3490 1
217 3431 234 3440 -
370 3353 636 3474 pellabitun)
667 3351 864 3442 stentotea
894 3381 997 3440 voce
1028 3355 1134 3442 Ludi
1165 3353 1363 3471 equestres
1391 3357 1431 3444 in
1468 3354 1693 3472 sequentem

372 3471 504 3572 diem,
532 3469 675 3584 lnclyti
698 3467 941 3580 Juncuttrr
965 3469 1234 3572 llsatchionis‚
1273 3497 1313 3559 et
1340 3471 1694 3566 Hatunrctllsa·

371 3586 624 3706 gnnpolitani
642 3585 768 3672 Ducis
785 3583 972 3672 consensu
997 3583 1136 3683 futuri,
1179 3589 1220 3674 in
1243 3586 1346 3681 hanc
1372 3585 1607 3678 sententiam
1628 3595 1694 3684 dea

285 3739 291 3748 ’
371 3709 626 3794 nuntiantur:
668 3702 916 3800 Auditeme‚
946 3701 1089 3814 inquiq
1119 3703 1294 3793 Nobiles
1308 3703 1614 3822 machinarius
1631 3739 1692 3798 ve·
1796 3799 1797 3802 w

340 3877 344 3884 ·
371 3841 519 3918 terem,
550 3817 698 3930 quique
714 3845 887 3915 novam,
915 3819 984 3932 qui
1001 3819 1174 3904 mediant
1193 3843 1233 3908 et
1255 3817 1323 3933 qui
1353 3844 1572 3928 extremam
1593 3827 1692 3922 Mar-

234 4015 239 4030 .
374 3929 506 4024 chiam
524 3931 716 4018 incolitis!
757 3955 912 4045 vosque
928 3933 1693 4052 paritetslsagnanimiMagnopolitani,

372 4051 446 4168 qui
467 4043 743 4155 wandalum,
779 4049 929 4170 quique
949 4043 1330 4170 Magnopolitanem
1347 4057 1603 4267 reginum}
1616 4085 1692 4268 [qiu

450 4235 454 4246 ι
1590 4201 1618 4264 ο
