3600 4692
240 2091 242 2101 '
378 2115 488 2176 mus:
527 2081 657 2182 modo
672 2106 809 2170 tamen
836 2081 886 2170 ab
904 2109 985 2197 ope
1005 2107 1104 2168 nece

263 3331 275 3342 .
376 3271 559 3347 mamm,
586 3267 690 3354 pene

360 245 464 392 '180
666 367 673 377 .
788 199 1213 386 blot&

376 488 499 554 anns
518 456 756 573 Spartanus,
793 454 845 546 de
872 453 909 543 se
926 455 1149 570 relinquere
1176 419 1530 568 talemquampiam
1553 473 1706 545 tantum

228 593 232 606 '
374 577 537 676 studuit,
565 603 695 689 neque
711 574 843 678 aliam,
871 571 1034 688 quavel
1051 570 1297 686 pingeretur,
1325 567 1620 684 velfingpretur
1638 573 1731 660 lla..

330 719 336 724 ·
378 695 463 786 beri
479 688 606 807 pallus
626 717 804 805 unquam
820 685 907 778 fuit.
966 689 1058 778 Nec
1073 683 1137 774 sua
1158 713 1252 772 eum
1272 685 1416 799 opinio
1434 712 1475 774 et
1493 684 1602 802 spes,
1631 717 1705 804 qua

377 808 719 902 immortalitatem
735 802 933 918 spedarct,
947 800 1111 892 fefellit..
1151 801 1326 898 Etenim,
1341 803 1505 888 tat-recle
1522 805 1575 892 ait
1592 805 1709 894 Cice·

374 957 445 1027 ro,
468 921 882 1034 unusXenopbontis
906 917 1084 1019 libellus,
1122 919 1162 1006 in
1181 945 1233 1004 eo
1249 917 1361 1032 Rege
1379 917 1578 1006 laudando
1592 919 1707 1013 facile

377 1069 523 1133 omnes
538 1039 730 1152 imagines
749 1038 952 1136 omnium,
971 1032 1193 1150 statuasque
1210 1031 1413 1148 superavit,

505 1173 510 1178 “
541 1154 754 1244 -Caetetum
781 1181 875 1244 curn
892 1175 1004 1266 parte
1021 1150 1088 1238 illa
1104 1177 1237 1265 operae
1254 1152 1435 1266 precium
1460 1147 1613 1240 fadum
1643 1151 1707 1243 b'a·
1797 1089 1798 1170 i

377 1273 518 1363 &erius
541 1270 694 1358 nullum
719 1266 862 1370 fuerit,
901 1293 943 1356 et
960 1293 1142 1356 veterum
1159 1267 1222 1354 'de
1238 1269 1384 1356 eodem
1403 1271 1630 1402 argumenti
1647 1300 1712 1386 gt·

378 1417 473 1480 nere
498 1411 761 1476 monumenta
783 1386 1003 1474 interierint
1031 1383 1210 1498 penitus,
1233 1383 1462 1500 diligentiae
1484 1385 1709 1501 qualiscun·
1797 1413 1798 1428 ¹

334 1559 338 1568 ·
379 1533 459 1622 que
476 1502 559 1590 huc
575 1493 715 1592 no'llrae
731 1499 1089 1616 conferreopetam
1106 1497 1228 1619 visum
1239 1499 1330 1586 fuit.
1386 1503 1452 1588 Ac
1469 1502 1708 1615 prodierunt

377 1619 524 1735 jamde
539 1617 788 1728 nobiliorum
816 1619 971 1734 aliquot
996 1623 1251 1730 regnorum,
1267 1643 1355 1730 quae
1375 1617 1419 1705 ‘iu
1444 1626 1524 1704 tres
1545 1619 1710 1734 priora

377 1731 887 1840 Monarchiasincidiffent,
915 1729 1073 1819 familiis
1088 1730 1359 1847 expositiones
1375 1729 1535 1844 nostrae:
1564 1735 1710 1848 quibus

378 1853 572 1966 deinceps
588 1850 709 1938 etiam
725 1849 905 1968 reliquas,
930 1849 1026 1936 Deo
1045 1849 1258 1963 largiente,
1283 1841 1640 1962 ficadjungemus,
1665 1855 1711 1938 ‘ut
1798 1883 1799 1942 r

292 2017 296 2024 ·
379 1966 431 2060 ad
455 1967 698 2080 recentiores
724 1967 1039 2081 progrediamur,
1065 1965 1200 2168 itppue
1225 1965 1434 2074 capanule
1462 1966 1623 2082 aliquid·
1644 1967 1709 2056 de·
1798 1993 1799 2012 ¹

1134 2081 1211 2168 aria
1233 2107 1321 2170 non
1343 2079 1598 2186 deficiemuc.
1643 2081 1709 2171 Ad

381 2201 494 2322 quod
512 2200 686 2298 utinam,
721 2197 791 2316 qui
812 2196 918 2286 hanc
932 2195 1078 2286 debere
1101 2193 1300 2308 majorum
1325 2198 1480 2286 metitis
1499 2225 1552 2286 ac
1571 2198 1709 2300 uirtuti
1798 2201 1799 2204 ‘

373 2344 447 2416 ,tan
507 2345 569 2404 am
587 2315 720 2430 gratiae
734 2313 897 2426 alicujus
922 2298 1136 2402 referendae
1157 2307 1408 2402 voluntatem
1432 2313 1633 2418 videntur,
1656 2339 1709 2404 at·

227 2451 248 2463 ”
378 2456 548 2528 tenant
580 2429 797 2548 aliquando
829 2456 950 2546 atque
982 2427 1190 2544 invigilent
1216 2430 1462 2546 diligentius:
1507 2430 1710 2546 Qando·

378 2552 542 2671 quidem
572 2575 635 2636 tes
668 2547 732 2633 illa
755 2545 981 2634 admodum
1012 2543 1180 2658 operosa
1203 2545 1280 2654 est,
1322 2549 1400 2634 ne'c
1424 2545 1494 2636 abs
1524 2548 1707 2659 noadia-

377 2665 525 2760 mentis
551 2661 721 2777 publicis
751 2661 916 2775 praettari
933 2661 1084 2778 potest.
1110 2672 1114 2680 '
1154 2663 1333 2752 Libitum
1361 2690 1462 2751 vero
1492 2577 1570 2752 duit
1600 2691 1709 2753 nunc

377 2779 616 2873 ttaclatione
649 2773 898 2865 familiarum·
916 2802 1097 2868 veterum
1122 2807 1208 2867 non
1232 2778 1330 2868 nibil
1354 2776 1625 2894 sepolita„·in
1652 2807 1708 2869 rt·

378 2897 592 2990 centiores,
620 2891 788 2993 boecii,
815 2921 903 3008 quae
918 2892 1013 3004 jam,
1031 2895 1075 2984 in
1090 2896 1264 3010 imperiis
1281 2893 1382 2995 sunt,
1410 2922 1544 3010 opetae
1556 2895 1708 3013 aliquid

376 3007 630 3128 experiundo
647 3037 807 3096 nauare:
843 3009 902 3096 Ut
918 3013 1073 3100 a‘nimus
1091 3009 1140 3098 ab
1157 3037 1398 3125 argumento
1421 3039 1569 3110 return,
1605 3013 1705 3100 mul·

376 3138 431 3220 tls
445 3149 553 3218 retro
571 3121 707 3212 seculis
711 3123 935 3328 pestutum,
965 3127 1141 3242 ideoque
1158 3127 1273 3218 variis
1288 3118 1505 3216 iniolucris
1522 3126 1705 3216 abditiffi·

728 3237 847 3338 ellus,
876 3239 1012 3358 aliquo
1034 3243 1158 3331 veluti
1184 3243 1425 3332 diverticulo
1455 3255 1707 3358 recrearetur.

378 3355 461 3452 Etli
490 3359 666 3447 omuino
690 3356 903 3446 bic-nobis
928 3358 1019 3472 plus
1048 3358 1200 3473 negotii
1230 3356 1447 3448 faceffitum
1474 3356 1569 3448 mit:
1605 3362 1704 3448 dum

370 3473 493 3566 ‘crassa
510 3499 550 3564 et
566 3468 704 3588 supina
726 3471 937 3588 superioris
961 3474 1085 3562 atatis
1102 3473 1342 3589 scriptorum
1358 3475 1616 3590 negligentia,
1643 3500 1703 3566 tes

375 3591 477 3710 sepe
498 3589 700 3688 maximae,
737 3590 801 3676 vel
821 3587 1025 3678 obscurius
1051 3591 1342 3704 pertradiantur
1359 3617 1479 3706 atque
1496 3593 1706 3680 involvun-

375 3731 466 3809 tur,
493 3707 557 3797 vel
573 3706 933 3821 planeteticentun
989 3707 1121 3819 Qud
1142 3707 1307 3824 quando
1330 3703 1469 3794 frustra
1484 3713 1704 3822 nuncque·

259 3893 279 3912 .
375 3827 524 3921 rimur,
559 3849 649 3912 eam
671 3816 972 3941 iterum'seculo
1000 3821 1139 3910 nostro
1163 3847 1342 3911 mentem
1369 3824 1568 3937 optarim,
1585 3825 1703 3910 idem

375 3935 454 4052 ipsa
469 3935 602 4024 studio
617 3937 830 4024 attentiore
844 3937 895 4024 ad
910 3935 1204 4053 posteritatem,
1234 3939 1293 4027 uti
1312 3959 1470 4039 caveat,
1497 3967 1549 4026 ne
1563 3937 1704 4028 eadem

258 4049 265 4060 ,
303 4117 335 4182 ,Ι
377 4053 431 4154 de
445 4050 565 4150 nobis
579 4049 717 4144 habeti
732 4079 836 4144 eum
850 4051 1157 4196 reprebendens
1172 4055 1425 4176 querimonia
1446 4051 1579 4172 possit.
1614 4051 1704 4256 alp¹

309 4217 314 4225 ·
394 4263 432 4277 ..
493 4263 538 4280 .,,
780 4255 788 4262 .
884 4253 895 4258 -
1408 4225 1425 4240 ..
1584 4197 1657 4289 qua
