3660 4690
262 292 265 304 ’
388 309 478 406 140
607 251 1517 386 ,P'vstrrVrorran‘rtrlrnmrrmv
1639 275 1645 283 “

231 547 236 556 ι
353 531 357 534 -
467 481 665 596 criptutus
690 509 788 595 ego,
814 502 1011 596 quantum
1030 507 1132 566 veroe
1154 477 1281 566 laudis
1306 501 1347 566 et
1367 477 1504 594 glorie
1526 505 1573 568 ex
1594 503 1699 593 eque·

483 597 620 691 litibus
638 599 742 686 ludis
764 625 804 682 et
819 595 975 684 ballicis
991 593 1274 682 certaminibus
1298 593 1488 682 mortales
1515 592 1582 684 srbi
1599 622 1700 682 oom-

482 717 713 828 putaverint,
735 741 868 826 operae
885 711 1059 824 pretinm
1077 709 1134 798 eli
1156 735 1497 808 commemorare,
1529 712 1595 825 qui
1612 709 1706 796 Ptin·

345 932 363 947 x
393 835 516 946 cipes,
545 831 614 946 qui
631 830 780 926 Duces,
811 829 959 942 quique
978 841 1189 940 proceres,
1217 847 1306 938 que
1322 826 1532 940 Virgines,
1558 847 1708 940 queque
1810 927 1811 938 ᾗ

392 950 625 1042 Matronae,
663 971 783 1058 quem
802 943 843 1028 in
862 942 1027 1040 locum,
1055 941 1313 1057 quamquain
1331 937 1580 1052 provinciam
1597 937 1711 1050 cujus·
1809 1003 1811 1042 ,

394 1093 474 1180 que
492 1061 630 1158 dudiu,
643 1083 692 1146 et
706 1057 899 1172 auspiciis,
918 1084 1083 1172 quoque
1101 1068 1288 1166 t'empote
1302 1056 1352 1141 ad
1372 1053 1450 1142 hos
1467 1057 1589 1144 ludos
1604 1079 1710 1168 atque
1809 1087 1811 1142 t

394 1179 480 1268 haec
495 1176 711 1264 certamina
734 1199 815 1262 tam
834 1172 1010 1290 certandi
1027 1199 1148 1286 quam
1164 1167 1364 1282 spesiandi
1390 1171 1498 1259 causa
1527 1192 1714 1281 convene·

396 1293 486 1382 rint.
545 1293 656 1380 Nam
691 1289 849 1404 plebem
885 1283 1004 1402 ipsam
1036 1281 1414 1374 viritim'recensere
1447 1315 1532 1374 aon
1562 1283 1714 1400 possem,

396 1437 501 1506 non,-
531 1403 674 1493 fimihi
689 1405 831 1493 decem
849 1431 938 1498 ora,
976 1400 1105 1518 qualia
1123 1395 1464 1517 possesionem
1487 1399 1715 1520 solerit,'„to·
1806 1480 1809 1494 ,

396 1525 606 1638 tidemque
622 1519 787 1636 ling'uae,
817 1514 1123 1632 indefatigabilis
1143 1544 1246 1619 vox,
1277 1513 1481 1635 ferreaque
1507 1515 1716 1633 praecordia

322 1693 325 1700 f
398 1639 531 1728 essent.
590 1637 745 1724 Verum
768 1632 822 1721 sat
852 1636 926 1720 erit
951 1632 1185 1744 Principum
1206 1629 1674 1752 illustrilbmatumquef
1703 1669 1716 1698 ὁ

399 1756 615 1852 minarum,
646 1751 937 1864 etVirginirm,
966 1749 1234 1848 nominatim,
1252 1778 1465 1846 numerum
1489 1753 1716 1866 etequitum

398 1866 645 1962 recensuisse·
693 1866 831 1978 Qam
850 1864 993 1952 vellem
1012 1865 1090 1974 jam
1111 1865 1209 1952 mibi
1227 1867 1362 1951 liceret
1371 1865 1498 1954 illusas
1517 1867 1719 1980 magnijo·

171 2069 179 2089 .,
265 1987 269 1992 ’
398 1991 458 2075 vis
473 1983 584 2084 filias,
615 1985 830 2082 Poetarum
848 2010 975 2079 more,
1005 1982 1045 2067 in
1061 1979 1251 2066 auxilium
1273 1982 1471 2081 invocare,
1500 1982 1647 2082 Musas,
1667 1983 1720 2068 in·

112 2122 116 2130 '
304 2167 305 2170 κ
400 2130 543 2220 quam,
578 2097 736 2186 coelelle
759 2097 1012 2184 domicilium
1032 2096 1274 2196 incolentem
1311 2095 1373 2184 hae
1393 2100 1500 2184 eninr
1520 2095 1722 2196 Deaesuut,

402 2214 859 2314 baeomniumnoniina,
891 2214 1090 2328 regiones,
1120 2211 1317 2328 urbesque
1333 2216 1617 2310 meminerunt.

550 2445 658 2535 Urbs
673 2444 727 2533 eli
745 2445 785 2532 in
801 2441 993 2538 Matcbia,
1007 2447 1010 2477 '
1022 2443 1330 2557 Novirupinutn
1348 2469 1499 2534 nomen
1515 2443 1651 2546 babet,
1667 2472 1723 2532 ve·

236 2643 247 2650 .
352 2582 361 2598 ’
402 2585 468 2652 tus
483 2563 836 2678 regioComitum,
861 2561 930 2670 qui
947 2557 1133 2656 Lindam,
1157 2561 1307 2675 quique
1321 2561 1531 2676 Rupinum
1551 2562 1724 2678 possede-

403 2703 509 2768 runt.
568 2677 690 2764 Hanc
715 2673 1039 2764 Weicbmannus
1060 2675 1237 2772 Comes,
1272 2677 1459 2790 generosa
1485 2679 1725 2788 Jotcnnn
1812 2705 1813 2780 t

402 2787 588 2894 soboles,
616 2793 794 2902 canaque
817 2791 1026 2900 prudentia
1052 2819 1163 2900 puer,
1193 2791 1368 2890 incolit,
1387 2793 1726 2909 piscosam-admo·
1812 2801 1813 2872 l

335 2913 337 2921 ’
379 2905 518 3005 dum,
541 2905 597 2994 ob
615 2903 837 3000 circumflui
856 2905 965 2990 lacus
989 2906 1317 3016 amplitudinem,
1348 2935 1389 2994 et
1407 2910 1585 3006 ubertate
1605 2901 1724 3026 ⁴gleba
1812 2907 1813 2968 ἶ

279 3043 285 3051 ·
405 3022 586 3135 adprime
604 3021 795 3117 nobilem,
812 3021 986 3131 lmpetio
1001 3017 1240 3111 lllullrillimi
1258 3023 1452 3137 Principis
1467 3023 1727 3132 Joaetrtnrt,

406 3137 514 3224 Sacri
529 3135 706 3224 Romani
725 3137 882 3248 imperii
900 3137 1162 3246 Septemyiti,
1191 3137 1440 3226 lllatcbionis
1458 3141 1729 3229 Brandenbut·

407 3249 532 3368 gensis
548 3250 742 3340 subditam
752 3285 771 3334 :1
795 3262 914 3365 quam
940 3247 1074 3338 sedem
1097 3249 1166 3338 stbi
1183 3251 1341 3338 suorum
1372 3258 1635 3342 certaminum
1652 3281 1730 3342 are·

408 3395 503 3455 nam
524 3368 773 3481 Magnanimi
799 3367 1000 3480 principes
1029 3395 1229 3455 annuente
1249 3358 1517 3476 Juncrrrnro
1544 3373 1732 3488 delegere.

408 3485 453 3572 ln
469 3483 712 3616 eam-urbem
732 3481 865 3570 Nono
878 3483 1069 3611 Kalendis
1083 3483 1230 3577 Martii,
1263 3485 1435 3599 quidies
1452 3487 1729 3608 Bacchanalio-

408 3595 1731 3828 lrlllllllssl}llll?lllllllllllr‚llllllllll

254 3915 271 3924 ,,
401 3831 542 3944 Regio
560 3827 746 3927 latillima,
768 3855 808 3915 et
824 3858 895 3941 per
910 3829 1356 3940 sexaginramillinrialn
1375 3833 1675 3943 longitudinem,
1689 3837 1728 3921 in

377 3941 381 3948 ’
411 3945 661 4032 latitudinem
677 3975 776 4031 vero
794 3971 895 4055 pene
910 3945 1082 4030 totidem
1102 3945 1348 4057 exporresia,
1369 3947 1542 4043 urbibus,
1563 3950 1730 4044 castellis,

408 4059 647 4191 arcibusque
662 4058 1032 4179 inexpugnabilibus
1050 4061 1237 4164 extruda,
1251 4057 1441 4184 foecunda
1457 4065 1600 4155 viriset
1616 4070 1728 4156 ubere

576 4221 581 4232 ’
650 4222 657 4237 ·
1042 4227 1047 4242 ·
1102 4195 1128 4231 ’“
1621 4181 1727 4302 gleba
