3566 4682
354 289 357 296 ⁵
399 269 527 406 ’ψ’
796 283 1010 394 Βειηειιι
1048 261 1316 414 Rutu-uccai
1346 363 1380 374 ,,

220 477 227 556 '.
269 561 272 566 .
409 482 492 572 deri
509 475 812 570 Protestaritiuin
830 479 1173 568 muxxxvttt.
1226 481 1360 592 Qud
1385 492 1487 568 cum'
1499 479 1546 568 ad
1563 482 1701 595 reiigio-

409 599 470 684 nis
487 591 755 682 defensrooem
772 589 933 680 referret
955 611 1129 688 tantum,
1159 589 1355 708 de'eoqae
1372 593 1501 682 Caesar
1518 595 1587 706 ipsr
1602 591 1702 682 cauis·

409 709 464 799 set
479 709 645 824 prolixe,
673 708 834 794 hortatu
851 705 976 794 fratris
995 707 1100 792 bello
1119 707 1366 798 Germanico
1385 709 1420 790 ei
1437 709 1590 805 militat,
1599 713 1703 821 idque

142 909 145 916 .
290 907 292 914 .
410 824 614 934 Principes
642 817 877 936 adversarios
899 820 1058 931 publice
1087 819 1304 908 incusantes
1334 820 1484 931 scriptis
1513 823 1705 908 contrariis

182 939 185 946 ’
312 951 318 967 ’
359 941 363 951 ’
410 937 599 1026 retundit.
657 927 768 1019 Bello
788 959 840 1018 eo
857 931 1061 1044 confeiim
1090 931 1185 1019 crim
1200 936 1240 1020 in
1255 934 1703 1048 ConventuAt'rgu'stano

195 1151 200 1168 .
289 1043 298 1130 .'
411 1051 571 1148 decreta
589 1047 641 1133 de
665 1047 872 1160 religione,
902 1047 1045 1160 quibus
1062 1046 1324 1134 Protestantes
1350 1050 1588 1142 latrantia,
1618 1049 1704 1132 dunt

159 1173 161 1180 “
295 1151 321 1215 ”
397 1161 624 1250 haberetur
640 1159 892 1258 Concilium,¹
906 1169 1152 1258 tenerentur,
1182 1159 1309 1262 Cacsar
1334 1159 1635 1271 promulgaiiet,
1662 1163 1707 1246 ita

410 1277 462 1364 de
484 1303 528 1361 re
551 1274 730 1360 illatum
748 1271 1002 1362 M‘xvnrcro
1023 1271 1206 1358 Eleiioie
1222 1274 1402 1359 saxoniae
1433 1278 1706 1371 communicat,

310 1469 313 1478 .
355 1439 358 1444 ·
386 1397 456 1475 ‘ut
471 1417 564 1473 curn
581 1383 686 1473 suam
703 1385 839 1506 finguli
852 1383 1002 1472 causam
1019 1385 1124 1497 apud
1140 1383 1333 1498 Caesarem
1349 1386 1533 1499 privatim
1549 1411 1707 1502 agerent,

408 1525 575 1616 uterque
589 1501 640 1588 de
656 1500 844 1613 religione
859 1499 1090 1614 promiiium
1105 1499 1264 1587 Castris
1279 1500 1414 1588 ursen't
1436 1501 1598 1608 acriter,
1621 1499 1706 1586 nihil

410 1617 725 1728 indignationem
743 1613 837 1720 ejus,
866 1615 932 1726 qui
951 1615 1026 1702 late
1042 1638 1128 1706 turn
1144 1615 1272 1700 vidior
1286 1615 1573 1708 dominaretur,
1596 1615 1706 1701 veriti.

410 1730 472 1816 Vt
496 1755 545 1814 ne
567 1729 608 1812 in
625 1726 981 1840 Magdcburgenses
1006 1727 1160 1814 bellum
1186 1723 1457 1846 susciperetur,
1486 1729 1527 1812 in
1542 1727 1705 1839 Tanger-

409 1837 617 1934 mandensi
634 1841 844 1954 colloquio
859 1841 1113 1928 vehementer
1128 1843 1233 1954 apud
1248 1839 1407 1928 fratrem
1424 1842 1628 1944 laboravit,
1644 1867 1707 1924 oc·

370 1955 516 2060 „culte
531 1953 760 2040 illisauxilia
774 1953 987 2064 pollicitus.
1045 1956 1126 2042 Cui
1142 1953 1323 2042 instituto
1340 1952 1439 2040 serio
1465 1952 1573 2039 fratri
1589 1953 1625 2039 se
1640 1979 1706 2062 op·

264 2171 267 2183 ι
408 2069 579 2182 ponenti
603 2044 766 2152 tandem
785 2067 905 2154 cedit.
962 2069 1085 2154 Anno
1107 2063 1169 2153 M:
1179 2067 1233 2151 D.
1248 2069 1329 2152 Lu,
1343 2071 1484 2153 iterum
1503 2067 1706 2168 Gemtania

407 2182 518 2268 bello
540 2183 587 2286 ,in
602 2177 793 2268 Caesarem
808 2179 994 2282 turbata,
1033 2183 1199 2266 militem
1222 2179 1315 2266 huic
1335 2183 1513 2266 adduxit.
1578 2183 1705 2266 Vitam

291 2364 296 2374 ,
407 2293 511 2384 finiit
526 2292 699 2381 Custrini
715 2295 773 2394 M,
787 2295 838 2378 D.
857 2295 996 2384 Lxxt.
1021 2294 1239 2380 undecimo
1269 2294 1359 2404 post
1386 2291 1514 2380 fiatris
1542 2318 1703 2378 mortem
1776 2393 1777 2396 Ν

214 2467 217 2474 -
406 2409 485 2505 die,
499 2405 607 2494 anno
620 2411 742 2495 aetatis
756 2395 875 2494 LVli.
930 2407 1086 2494 Claruit
1100 2411 1139 2492 in
1155 2407 1367 2516 virtutibus
1382 2407 1479 2510 aliia,
1494 2408 1618 2521 iisque
1632 2432 1703 2490 ma·
1776 2425 1777 2438 ¹

405 2523 541 2622 ximis,
569 2519 747 2634 fingulari
763 2517 1086 2628 pietatisstudio,
1114 2519 1343 2631 eloquentia
1358 2544 1495 2634 arguta
1510 2545 1551 2608 et
1566 2516 1705 2604 confilii

406 2635 648 2724 dexteritate.
702 2630 866 2742 ¹Qibus
881 2630 1142 2729 ornamentis,
1171 2656 1216 2721 ut
1234 2630 1340 2718 fratri
1357 2663 1426 2744 par
1445 2633 1533 2728 fuit,
1560 2635 1612 2720 ita
1631 2630 1702 2715 fra·

373 2795 376 2802 ·
405 2749 564 2860 galitate
578 2747 812 2842 attentiore,
839 2766 880 2831 et
903 2745 942 2829 in
958 2741 1291 2830 rem‘familiarem
1320 2748 1539 2859 diligentia,
1565 2743 1702 2858 supeta-
1775 2791 1776 2806 ι

406 2863 475 2946 uit.
541 2859 663 2961 Extat
682 2856 813 2972 Sabini
840 2859 888 2941 ad
915 2857 1110 2963 Joannem
1140 2859 1366 2943 Sieidanum
1398 2857 1591 2968 epistola,
1623 2883 1703 2969 quc

362 3005 369 3012 ·
404 2999 502 3056 cum
516 2969 586 3062 alia
602 2968 722 3056 habet
738 2971 787 3058 ad
805 2969 995 3080 Principis
1012 2971 1126 3078 huius
1142 2971 1262 3056 decus
1278 2971 1525 3082 pertinentia,
1553 2999 1635 3059 tum
1651 2997 1701 3055 re·

404 3083 564 3196 ligionis
579 3083 800 3194 etreipubl.
824 3081 994 3168 studium
1023 3083 1125 3194 ejus,
1158 3085 1333 3195 denique
1358 3108 1488 3170 totam
1513 3083 1628 3170 uitam
1649 3085 1700 3167 in·
1774 3123 1775 3134 κ

403 3199 592 3284 teriorem
615 3194 677 3282 his
704 3196 834 3281 verbis
862 3196 1029 3306 exponit
1053 3221 1093 3292 et
1112 3195 1317 3308 predicat:
1353 3195 1539 3308 Semper,
1573 3197 1702 3308 inquit,

395 3309 472 3402 ,hic
500 3307 646 3423 sapiens
674 3309 865 3419 Princeps
890 3308 992 3393 hanc
1019 3310 1190 3398 divinam
1226 3327 1413 3396 normam*
1439 3309 1702 3412 confilioru'm,

403 3451 524 3538 quam
540 3451 580 3511 et
594 3424 740 3510 uexillo
757 3421 1002 3533 inscriptam,
1030 3433 1213 3535 tempore
1238 3423 1329 3510 belli
1347 3421 1577 3529 Germanici
1590 3423 1698 3508 habe·

404 3539 493 3638 bat,
519 3535 766 3626 secutusest:
797 3537 940 3621 Dara
968 3563 1064 3620 oso
1098 3567 1206 3638 oum·
1228 3561 1308 3622 nrt
1337 3563 1484 3635 sumu,
1514 3567 1598 3650 quaa
1617 3537 1697 3620 Ca·

402 3651 491 3742 saris
505 3651 604 3751 sunt,
632 3643 783 3738 Casari.
842 3650 884 3763 id
897 3644 1106 3736 discrimen
1123 3675 1162 3738 et
1179 3650 1371 3760 inteiligit,
1397 3676 1440 3737 et
1457 3681 1547 3738 vera
1563 3645 1699 3764 pietate

401 3794 442 3854 et
458 3769 646 3880 gravitate
659 3762 808 3851 summa
828 3785 983 3859 tuetur,
1006 3767 1106 3850 veris
1131 3763 1270 3850 officiis
1291 3763 1422 3848 Deum
1439 3766 1556 3861 coiit,
1582 3785 1619 3848 et
1632 3760 1699 3844 fin·
1772 3823 1773 3830 Ν

323 3937 326 3944 -
400 3881 525 3994 guliri
544 3879 742 3991 vigilantia
772 3880 810 3966 io
826 3874 1006 3985 Ecciefiis
1032 3874 1222 3985 dodirinae
1246 3877 1477 3988 puritatem,
1505 3905 1545 3964 et
1574 3877 1610 3962 in
1628 3899 1695 3984 po·

400 3994 500 4110 pulo
515 3991 759 4108 disciplinam
776 3989 999 4101 conservat„
1032 3987 1695 4125 NecdeestcoipmunisaiutiGer·
1771 4105 1772 4110 ,

919 4155 925 4164 ·
1324 4112 1408 4159 ·'··'·‘
1486 4150 1514 4188 ¹,
1566 4127 1693 4191 manta

1756 4433 1771 4644 ]
