3600 4692
524 389 618 508 d
650 378 696 508 ·s
720 373 919 508 osmi
1019 499 1022 504 ,
1334 393 1401 494 rx

94 595 340 714 pesscsiilem,
377 593 516 682 itinere
537 589 640 681 bene
660 590 810 708 longo,
838 615 879 681 et
894 591 1047 712 magnis
1071 591 1253 712 impensis
1269 619 1395 694 uana·
1496 549 1517 614 ,¹
1578 629 1582 637 ·

92 713 201 812 ferre,
243 737 364 914 atpue
394 710 643 798 domicilium
674 706 885 822 sedemque
917 707 985 797 fibi
1024 709 1109 798 istic
1143 713 1395 806 constituere.
1450 769 1455 782 ·
1628 733 1631 740 ’

92 829 209 942 Qrod
223 853 267 928 ut
299 852 446 928 areret,
474 825 591 944 aliqui
608 825 747 922 etiam,
775 824 920 1025 {pibus
943 823 1099 940 insignis
1118 826 1203 936 ejus
1221 832 1395 919 eruditio
1485 919 1486 924 Ν
1586 950 1590 958 Ι
1655 894 1664 908 .

91 947 222 1032 etaitae
237 939 417 1058 probitas
438 940 626 1075 jamoante
640 938 775 1054 perspe
817 933 1000 1044 afuisset,
1036 941 1394 1076 nonmagisipsiur

77 1059 229 1158 sudio,
257 1086 376 1173 quam
394 1059 609 1170 cupiditate
625 1055 793 1170 quadam
821 1057 1394 1173 ornandaeacademraepatriae,

92 1199 171 1262 eum
186 1172 442 1260 vehementer
459 1171 597 1276 litteris
613 1195 653 1258 et
667 1197 769 1256 voce
784 1167 915 1258 sumus
930 1169 1089 1259 hortati.
1147 1173 1208 1260 Ex
1223 1201 1275 1260 eo
1292 1197 1397 1264 tern-
1486 1165 1490 1170 ’
1540 1163 1569 1264 J

91 1315 294 1403 pore,cum
306 1316 380 1374 vos
391 1287 636 1400 publicarum
654 1282 1220 1399 praeseciionumsunsiinnem
1233 1291 1269 1375 ei
1282 1319 1395 1378 man·

92 1404 241 1501 dassetis,
256 1405 474 1504 isseautem,
488 1397 1176 1514 sicetserationibusalsatisexcusare
1191 1405 1394 1510 niteretur,
1452 1419 1463 1502 ζ
1512 1491 1513 1496 Ν

91 1517 543 1634 atqueinsereciperetO
574 1516 649 1603 eris
658 1514 849 1604 Historiri
863 1511 951 1602 sane
961 1517 1095 1630 magni
1106 1543 1146 1605 et
1156 1519 1396 1612 admirabilis

91 1635 411 1732 elaborationem,
429 1630 524 1728 satis
544 1657 657 1720 acere
673 1654 808 1725 tamen
823 1628 938 1744 vobis
960 1631 1168 1747 nequisset,
1197 1638 1395 1750 coguovi-
1426 1665 1441 1682 ·

90 1772 315 1838 mustamen
333 1743 542 1862 suspensam
567 1743 675 1834 fuisse
690 1767 986 1834 conventorum
1011 1750 1235 1862 primorum
1252 1779 1394 1840 execu-

89 1865 264 1964 tionem,
289 1879 420 1980 deque
436 1861 505 1978 ipsr
530 1861 709 1980 stipendii
728 1862 942 1974 quicquam
970 1865 1168 1950 exaratio
1184 1867 1394 1955 academia
1423 1931 1441 1943 .-

91 1975 332 2090 persolutum.
390 1979 493 2084 Quae
510 2005 569 2065 res
585 1975 756 2091 quamei
772 1997 868 2062 toto
884 1973 940 2062 issi
957 1977 1129 2066 triennio
1147 1985 1274 2093 gravis
1291 1985 1394 2070 acci·

91 2096 198 2196 derit,
226 2091 443 2190 nemoest,
471 2094 642 2206 quinon
662 2089 995 2204 faciseintesligat.
1049 2098 1114 2179 Ac
1131 2123 1206 2183 nus
1230 2097 1396 2210 quidem

92 2235 158 2322 pro
175 2211 409 2298 conditione
422 2209 573 2321 opima,
591 2205 701 2318 eujus
716 2202 782 2319 spe
805 2203 902 2291 istuc
919 2207 1168 2320 migraverat,
1198 2211 1397 2303 calamita·

93 2325 219 2413 remei
239 2324 541 2440 propemodum
561 2318 760 2410 ifortuna
778 2318 976 2426 objectam
991 2317 1120 2422 fuisse,
1148 2317 1246 2439 sape
1262 2326 1396 2416 dosui·
1487 2361 1493 2370 ·

93 2467 186 2527 mus:
222 2437 485 2554 neque'eum,
522 2461 566 2523 ut
582 2463 632 2524 ne
662 2435 917 2550 pertinaciter
929 2436 971 2524 in
988 2434 1201 2550 proposito
1213 2437 1395 2556 perfiste·

93 2581 162 2661 ret,
189 2549 249 2644 sed
265 2556 442 2670 tempori
458 2550 630 2652 sentiret,
657 2576 698 2637 et
718 2552 773 2638 ad
782 2549 949 2638 Senatus
966 2553 1199 2640 Academici
1221 2555 1393 2644 austori-

93 2693 199 2760 tatem
214 2668 423 2757 consilium
442 2666 552 2754 suum
570 2664 911 2766 accommodaret,
940 2693 1122 2773 mouere,
1147 2667 1310 2768 hortari,
1324 2697 1392 2759 ro·

94 2813 171 2898 gare
196 2783 426 2899 destitimus.
483 2782 562 2870 His
579 2781 642 2872 isse
656 2805 791 2870 tamen
812 2783 1054 2896 argumentis
1077 2783 1256 2892 colseciis
1270 2785 1395 2899 pluri·

92 2899 173 3000 bus,
205 2899 256 2988 fic
280 2896 496 3011 respondet
521 2897 729 2996 haetenus,
765 2920 811 2984 ut
835 2894 859 2983 d
883 2892 1071 2985 sententia
1087 2899 1285 2987 dimoveri
1306 2929 1394 2991 non

94 3015 271 3115 videatur,
309 3039 351 3100 et
379 3040 456 3100 nos
481 3009 595 3100 simus
622 3011 902 3125 erpedatiuue
928 3011 1094 3100 mirifica
1119 3012 1203 3125 ejus
1232 3016 1395 3130 Operis,
1464 3006 1468 3016 ’

96 3132 192 3242 quud
212 3127 445 3227 meditatur,
481 3151 522 3215 et
540 3124 652 3236 cujus
666 3144 949 3242 argumentum
965 3128 1015 3214 ad
1032 3153 1107 3214 nos
1124 3127 1249 3235 misr,
1276 3160 1393 3220 com·

95 3245 195 3356 pleat.
248 3243 434 3360 Metuere
456 3243 575 3358 igitur
590 3242 823 3354 coepimus,
854 3268 922 3342 ne,
950 3239 1037 3328 fici
1059 3240 1299 3358 stipendium
1323 3245 1393 3334 de·

97 3359 215 3474 inceps
230 3363 461 3473 denegetur,
489 3359 538 3446 ad
555 3353 761 3445 consilium
782 3355 922 3444 isthinc
941 3352 1167 3446 discedendi
1181 3357 1394 3450 necessario

97 3477 237 3562 tandem
266 3471 534 3563 descenderet.
560 3484 574 3558 ἵ
590 3471 722 3585 Quod
745 3497 823 3558 nos
846 3469 1010 3586 quidem
1038 3469 1140 3600 sieri,
1175 3497 1294 3590 arque
1316 3475 1393 3564 isto

98 3592 199 3698 passo
212 3619 297 3678 non
319 3588 450 3676 modo
464 3610 586 3676 terras
614 3589 702 3686 has,
737 3614 825 3702 quae
845 3585 966 3674 nobis
983 3588 1106 3702 patria
1120 3585 1176 3676 est
1191 3588 1394 3697 carissima,

98 3698 229 3804 fructu,
258 3701 473 3819 dignitate,
502 3701 628 3818 gioria
645 3697 823 3815 promissi
849 3701 1107 3818 dReineccio
1131 3704 1264 3818 operis
1287 3700 1397 3793 siau·-¹

98 3816 176 3919 dari,
201 3819 267 3908 sed
284 3820 420 3918 etiam,
443 3821 554 3931 (quia
569 3818 697 3904 virum
714 3813 974 3930 praestantem,
1009 3839 1050 3903 et
1065 3841 1307 3926 ornamento
1321 3817 1394 3910 srbi

99 3936 255 4023 maximo
275 3931 469 4029 futurum,
490 3932 591 4021 alere
613 3956 697 4019 non
712 3930 921 4044 potuerit)
950 3929 1045 4050 inde
1058 3927 1164 4049 quas
1182 3931 1394 4030 dedecoris

99 4071 169 4137 non
191 4049 291 4142 ustis
316 4043 551 4138 contrahere
608 4046 695 4134 lane
719 4044 930 4134 nollemun
984 4047 1046 4136 At
1059 4073 1143 4162 quo
1161 4049 1284 4164 pario
1301 4053 1411 4140 reri?
1474 4071 1480 4076 ’

100 4167 171 4258 neti
190 4162 546 4284 apuduosissepo
590 4185 755 4266 neum
771 4155 946 4254 soractis
962 4161 1105 4253 animis
1118 4161 1398 4304 circumspice·

706 4275 800 4394 )()(
974 4333 978 4338 -
1247 4304 1401 4384 remus,
1486 4309 1493 4324 *
1556 4357 1563 4366 .
