3568 4684
412 348 501 454 430'
767 329 1073 432 Gurornrur
1118 313 1363 421 Wrenr'rr
1448 419 1452 429 ,

416 570 514 634 vate.
556 537 748 646 ,lllaiores
767 533 877 622 vestri
901 561 984 622 non
1010 558 1162 654 tantum
1192 533 1234 618 in
1250 535 1470 621 condendo
1495 535 1574 624 lroc
1590 537 1668 624 lllul
1680 590 1690 603 ·

406 657 505 754 'rum
522 655 753 758 domicilio,
785 647 978 760 sedetiam
1002 649 1276 735 conservando
1300 648 1460 738 fuerunt
1484 653 1691 768 diligenrillr·
1759 649 1761 670 '

419 781 496 889 rni3
527 779 619 865 Vos
636 770 725 888 poll
743 770 982 869 conditum²
1010 791 1260 880 reparatum,
1286 795 1494 864 ornatum,
1522 768 1695 857 conserva·

417 921 517 993 tum.
547 892 687 980 eadem
706 888 745 974 in
761 881 1032 972 conservando
1057 909 1098 968 et
1116 880 1366 972 sustentando
1383 885 1541 972 utimini
1558 887 1695 999 diligen·

415 1016 526 1103 tiaet
546 1006 787 1098 liberalitate.
847 1003 937 1086 Deo
965 996 1046 1086 fere
1074 995 1258 1114 proselio
1290 999 1396 1088 baud
1426 1004 1572 1116 gratius
1595 1005 1694 1090 ullum

416 1157 524 1244 opus
544 1119 807 1224 autofficium
827 1115 1001 1234 praeliare
1019 1112 1199 1230 potestis,
1240 1151 1360 1234 quam
1377 1121 1401 1209 fi
1421 1127 1564 1211 curatis
1581 1115 1696 1236 probe.

416 1271 461 1334 ut
476 1237 647 1330 Ecclesra
669 1240 774 1328 bene,
786 1263 959 1336 curetur,
989 1251 1031 1322 'ut
1055 1236 1201 1323 Schola
1219 1237 1304 1358 lnge
1319 1238 1440 1326 vellra
1459 1237 1697 1332 conservetur,
1759 1331 1760 1335 Ν

418 1360 486 1449 ubi
502 1359 589 1445 talin
607 1355 832 1441 formantur
849 1379 888 1440 et
907 1355 1128 1440 educantur
1143 1381 1309 1468 organa,
1339 1385 1384 1442 ac
1400 1355 1518 1455 tales,
1546 1352 1639 1470 quafi
1659 1383 1697 1438 ex
1761 1425 1762 1468 r

416 1503 524 1592 equo
540 1470 742 1578 Trojano,
779 1470 1003 1557 educuntur
1027 1469 1262 1556 eruditionis
1285 1495 1326 1556 et
1356 1473 1568 1584 probitatis
1590 1471 1697 1564 culto·

417 1619 490 1688 res
520 1592 589 1705 qui
611 1587 776 1698 Spiritui
805 1583 953 1671 Sanno
983 1584 1200 1697 aliquando
1228 1585 1308 1673 suas
1339 1589 1604 1674 commodato
1626 1584 1698 1672 dare

416 1706 577 1824 pollunt
591 1705 741 1819 linguas
758 1725 798 1788 er
815 1729 975 1800 manus,
1016 1702 1086 1816 qui
1109 1699 1456 1818 reipubl‘possonr
1479 1702 1623 1816 bruelle
1640 1729 1695 1814 gu·

415 1823 653 1915 herunculo,
683 1818 750 1933 qui
769 1819 929 1904 tandem
951 1817 1121 1906 tenellos
1149 1845 1365 1931 puerorum
1383 1820 1559 1921 animos,
1594 1815 1696 1932 etipli

317 2009 320 2016 ·
414 1941 536 2030 bonis
557 1934 707 2026 artibus
730 1934 932 2040 imbuere,
959 1961 1001 2022 et
1017 1935 1189 2020 enutrire
1207 1931 1387 2045 pullum.
1423 1939 1463 2020 in
1480 1935 1558 2022 Dei
1572 1936 1694 2024 Trinu-

414 2057 504 2144 nius
533 2051 724 2169 gloriam,
770 2049 993 2138 multorum
1021 2047 1237 2140 hominum
1263 2051 1555 2164 commodum,
1602 2076 1696 2167 atque
1762 2107 1763 2146 r

414 2165 787 2262 aeternamsalutem.
1762 2191 1763 2198 ¹

393 2495 399 2500 ,
529 2402 599 2491 Tu
617 2393 1210 2504 autemDEVSrol’TllllE
1238 2397 1508 2496 maximo.
1525 2398 1696 2488 omniurn,

441 2549 501 2610 uae
521 2520 566 2607 in
591 2517 668 2607 bac
692 2543 823 2634 rerum
848 2509 1097 2599 universitate
1126 2509 1404 2610 continentur,
1450 2515 1648 2602 Conditor
1663 2533 1693 2593 et

411 2550 704 2734 bonservator,
721 2629 781 2718 srs
796 2653 838 2717 tu
859 2631 1007 2717 interea
1022 2627 1145 2716 Urbis
1161 2627 1303 2718 nostra
1317 2631 1551 2730 Prorellon
1581 2626 1691 2715 Eccle-

410 2749 471 2841 srae
493 2749 632 2840 nostrae
656 2747 871 2864 lnlpelion
908 2741 1067 2830 Schola
1089 2743 1264 2848 Reflor',
1293 2770 1333 2832 et
1358 2745 1529 2862 Senatus
1551 2739 1692 2836 Consul·

478 2893 567 2968 tort
610 2867 665 2954 lta
681 2893 831 2984 nomen
855 2889 969 2951 tuum
996 2861 1313 2974 gloriolilbnrum
1335 2859 1611 2952 celebraturis
1628 2909 1638 2921 ·
1763 2879 1764 2908 ³

813 3007 916 3078 must
941 2979 981 3064 in
1006 2973 1306 3090 sempiternum.
