3534 4682
60 372 63 378 ,
194 281 436 408 Fourrvca
474 280 715 371 Dvca'rvs
754 281 1284 384 carunmvrmusrs„
1337 321 1391 400 335

110 561 118 591 ,
179 480 342 560 dubitet:
369 483 483 556 urimiu
495 467 683 581 diplomata
710 486 958 583 imperaturum
976 503 1055 560 cute
1076 487 1406 565 Henricumrucu:
1504 507 1507 514 “

114 596 117 604 '
171 607 268 683 pem,
290 607 365 680 quu’
384 581 453 657 iurc
475 584 577 674 aurbu
603 589 814 670 torniacum,
838 589 1024 682 principes
1050 594 1183 676 nostri,
1197 592 1300 692 suffit
1319 594 1386 691 effi.
1470 609 1474 617 '

178 683 366 770 Quoniam
387 706 470 760 ante
487 686 558 760 hoc
572 709 694 760 aevum
712 684 908 762 Germania
920 689 1038 762 uoiira
1048 693 1223 766 dominos
1238 697 1387 771 territo·

173 786 282 857 ria-lec
300 809 376 860 uon
392 786 528 868 habuit,
554 807 616 860 aut
636 807 761 886 certe,
785 791 887 885 quod
911 790 958 863 de
980 788 1063 863 soio
1088 789 1252 868 Cunrado
1265 801 1388 896 primu

173 887 384 970 dicendum,
400 911 475 962 non
491 889 653 987 agnovit.
705 891 786 966 Alia
805 889 950 986 prorsus
967 890 1068 965 verbi
1089 892 1301 990 significatio
1315 897 1388 972 fuit
1400 881 1557 981 principes

89 1001 91 1004 ’
171 989 323 1080 quando
340 985 474 1062 ordines
483 992 717 1090 provinciales,
734 993 796 1090 qui
813 992 876 1066 suo
887 989 969 1066 duci
978 1013 1188 1088 paruerunt,
1200 991 1387 1096 principer,
1400 987 1528 1116 PF‘s'm‘

170 1089 209 1161 id
225 1087 286 1165 est,
306 1091 466 1184 primarii
480 1093 548 1165 viri
565 1113 627 1164 aut
638 1097 794 1168 ordines
815 1094 1020 1188 provinciae
1036 1095 1217 1190 primarii,
1233 1094 1385 1172 Grama·
1399 1075 1445 1120 ⁰¹⁸
1458 1073 1503 1121 ‘³‘

168 1192 247 1262 tico
264 1191 392 1286 magis,
408 1213 514 1283 quam
534 1191 686 1286 publico
700 1199 810 1270 curiae
825 1193 935 1292 stylo,
950 1191 1212 1270 fuereiaiutati.
1263 1197 1384 1286 Quod

170 1313 289 1388 genus
310 1294 490 1388 loquendi
507 1315 583 1366 non
600 1295 703 1370 eiiam
719 1290 821 1372 verbi
839 1302 913 1368 vim
930 1287 1040 1388 atque
1057 1317 1138 1370 eam
1155 1296 1292 1383 habuit,
1310 1322 1384 1394 qua

170 1393 375 1476 hodienum
392 1389 522 1479 ICtos,
540 1414 721 1480 oratores,
743 1391 1005 1493 philosophos,
1020 1394 1381 1495 historicos,'princi·

166 1514 236 1591 pes
250 1493 493 1589 adpeiiamus.
545 1493 702 1570 indeaiii
713 1499 903 1596 precantia?
911 1496 1110 1594 principem
1136 1499 1196 1572 aiii
1206 1503 1382 1600 principes

166 1598 269 1697 regri
283 1613 345 1668 aut
360 1595 505 1690 imperii
524 1593 690 1680 fuerunt,
718 1617 789 1672 tam
809 1595 936 1670 dive'rfi
952 1597 1113 1690 ordiris,
1134 1615 1243 1692 atque
1260 1602 1380 1694 impe·

165 1717 249 1770 rans
265 1719 284 1768 a
300 1715 467 1790 parente,
477 1696 684 1805 dominnsa
702 1697 849 1772 subdito
860 1696 956 1770 solet
973 1695 1129 1771 differre.
1157 1696 1251 1772 Haec
1268 1699 1377 1775 iacies
1392 1706 1505 1796 primi-
1635 1778 1637 1786 .

134 1808 140 1820 '
166 1795 380 1872 Germauiae
394 1796 476 1878 fuit,
491 1817 607 1887 usque
624 1797 725 1884 dum,
740 1795 920 1872 Caesarum
939 1797 1150 1872 inexhausta
1165 1799 1375 1896 rapacitate,
1392 1816 1465 1878 ΡΜ
1482 1813 1539 1856 ¹¹⁰·

162 1897 249 1986 alibi
272 1897 320 1974 sae
349 1897 406 1970 ius
427 1894 600 1995 etdlll.
623 1895 677 1970 iit.
701 1923 780 1998 pra
808 1897 917 1973 nobie
947 1895 1071 1995 paffim
1102 1919 1248 1984 notata,
1288 1923 1373 1978 eve·
1390 1901 1490 1944 merus

161 1999 229 2082 nit,
245 1919 370 2095 utsix
386 2017 644 2094 praepotentes
659 1996 1091 2099 Germaniaeprinct'putus
1104 2000 1140 2072 in
1178 2002 1376 2077 artesirenc
1391 1957 1547 2113 *imi

160 2118 293 2195 atque,
308 2096 509 2197 majoribus
526 2097 656 2172 nostris
669 2103 839 2174 inaudito
848 2095 938 2183 caiu,
956 2101 993 2173 in
1005 2023 1255 2175 minutiiirmas
1267 2123 1367 2197 quas·
1389 2073 1515 2198 {m
1585 2149 1588 2160 -

162 2223 236 2296 que
253 2201 461 2297 particulas,
476 2199 587 2277 ¹unius
607 2217 647 2271 et
662 2202 813 2274 alterius
832 2203 952 2274 leucae
971 2200 1210 2285 territoriola,
1228 2199 1373 2295 disiice·
1389 2219 1448 2282 niae
1464 2237 1532 2300 pro-
1568 2262 1570 2274 .

158 2321 300 2375 rentur.
359 2295 446 2370 Hoc
469 2286 714 2372 infortunium
735 2323 874 2374 novum
899 2301 1034 2374 deinde
1063 2303 1225 2395 excepit.
1276 2299 1372 2375 (ium
1386 2303 1509 2372 vinciis.

165 2404 273 2475 enim
285 2421 411 2473 recens
429 2401 502 2474 uati
518 2396 693 2479 domicelli,
718 2403 825 2475 venia
842 2399 1092 2482 irtvocabuio,
1108 2401 1242 2474 ducum
1259 2419 1373 2494 pute·
1452 2394 1455 2400 ’

158 2502 234 2576 iiati
253 2500 535 2597 provinciaeque
553 2495 1046 2598 suae,'Caesarumpraestigiis,
1061 2497 1372 2575 seiudduxiffent:

158 2597 237 2677 fleri
254 2625 332 2674 nun
348 2601 472 2699 potuit
486 2581 612 2682 aliter,
627 2620 735 2693 quam
749 2621 792 2674 ut
810 2597 942 2676 Caesari
965 2599 1138 2674 beneficia
1159 2599 1240 2675 haec
1259 2617 1371 2696 atque

157 2725 207 2778 ex
230 2703 358 2777 aiieuo
380 2702 486 2776 corio
514 2699 799 2776 munificentiam
830 2699 1081 2799 superstitioso
1103 2699 1284 2794 obsequio
1310 2721 1369 2775 re·

157 2804 369 2900 penderent
383 2820 421 2876 et
436 2805 611 2876 maculam
638 2802 838 2877 commissae
858 2803 894 2876 in
918 2802 1030 2876 duces
1052 2799 1217 2897 perfidiae
1236 2799 1368 2875 abster-

158 2920 344 3003 gerentac
358 2920 566 3000 purgarent.
613 2900 799 2989 *Quamvis
814 2905 933 2986 enim,
957 2900 1007 2975 su'i
1028 2899 1120 3000 juris
1142 2899 1255 2976 semei
1270 2898 1368 2984 itai,

156 3003 288 3100 reipsa
305 3007 500 3102 principer,
520 3002 629 3076 idest
650 3005 793 3100 domini
815 3027 935 3079 rerum
956 3003 1029 3078 iuae
1058 3002 1211 3078 ditionis
1232 3001 1367 3090 eisent3

155 3102 373 3180 avocabuio
391 3124 526 3188 tamen,
541 3099 671 3178 Caeiari
687 3103 767 3177 satis
782 3105 932 3188 odioso,
947 3103 1008 3178 fibi
1025 3126 1102 3178 nou
1119 3101 1367 3192 cohibuerunt

155 3205 294 3280 solum:
325 3203 386 3278 sed
409 3205 517 3294 etiam
535 3205 604 3276 aiia
627 3205 732 3301 plura
756 3202 985 3300 Germanicis
1009 3203 1365 3300 imperatoribuairr-

154 3304 355 3388 duiierunt,
371 3305 473 3400 quod
490 3307 624 3401 antiqua·
643 3305 696 3378 illi
712 3307 888 3405 principes
903 3306 1166 3398 necquicquam
1186 3303 1239 3376 eis
1255 3302 1364 3397 largi*

154 3405 183 3478 ti
199 3406 291 3482 sunt.
341 3403 418 3480 Sed
438 3427 518 3480 cum
536 3406 671 3499 prioris
694 3409 842 3504 generis
865 3410 994 3502 piures
1015 3403 1146 3482 client,
1177 3401 1362 3496 posterior
1473 3429 1475 3436 ’

153 3521 254 3590 aetas,
269 3508 431 3601 antiquae
445 3507 548 3604 regni
568 3505 698 3578 formae
713 3508 854 3604 ignara,
877 3509 1067 3598 utriusque
1092 3499 1170 3598 jura
1193 3497 1363 3574 confudit

152 3621 264 3698 atque
284 3607 491 3702 reguiam-a
510 3603 705 3686 domicellis,
734 3626 801 3676 ceu
824 3627 987 3704 numero!
1005 3599 1156 3700 majori,
1175 3667 1177 3674 .
1193 3597 1360 3694 sumpfit3

153 3701 218 3799 ipss
238 3703 319 3800 post
334 3703 533 3786 coemes,
559 3707 636 3799 qui,
660 3725 741 3776 cum
759 3704 905 3799 publica
925 3706 1056 3799 patriae
1081 3699 1158 3801 jura
1180 3721 1202 3772 c
1224 3719 1358 3772 monu-
1427 3712 1430 3722 '

151 3806 284 3878 mentis
298 3805 454 3904 pristine
466 3800 688 3903 observantie>
702 3804 841 3878 discere
859 3801 1075 3884 debuissent,
1090 3824 1139 3874 ex
1153 3790 1244 3897 jurex
1255 3796 1359 3872 codi·
1407 3827 1409 3834 ’
1458 3796 1460 3805 ”

151 3905 201 3976 cis
220 3903 398 3984 iustiniani
415 3905 636 3986 docuerunt,
656 3922 718 3976 aut
734 3901 874 4000 scriptis
891 3901 1226 3999 Longobardorum
1245 3897 1359 3970 mori·

147 3997 215 4077 bus
229 4021 340 4103 atque
352 4003 546 4083 liberrimo
559 4003 820 4102 iicregnovim
834 4001 1051 4090 attriieruut,
1064 4017 1106 4077 ut
1117 3994 1357 4102 procuicbes·

677 4103 833 4202 Yy3*
1099 4162 1106 4186 ,
1241 4095 1356 4190 ''i'et
