3534 4682
221 273 462 390 Fonuvra
495 229 739 366 'Ducarvs
767 269 1262 402 Brauoeavnc'rusre}
1326 303 1393 388 *34¹
1428 273 1433 278 ’

95 473 172 562 hoc
195 497 380 588 tempore
401 473 562 558 ebdom
584 445 794 562 salutamus
815 474 918 589 (s),
955 475 1183 592 praestantia
1207 503 1254 564 ac
1270 501 1393 592 prece·
1449 427 1484 564 1,.

92 593 205 672 denen
221 587 426 677 discrimen
452 588 559 676 fuiffe
581 591 745 704 opiner,
780 593 886 678 cum'
902 591 1016 704 plura
1037 591 1134 680 mihi
1157 617 1391 709 argumenta

75 704 172 884 bnt,
200 731 298 822 que,
326 704 452 794 inalia
468 703 756 908 hlcdisced{reZ
773 707 867 907 (ιτ),
893 731 1066 823 cogunt,
1104 708 1390 941 multoanrpgegrg

181 1032 250 1094 tur.
279 1009 347 1096 'Er
366 1017 490 1096 frustra
511 1017 609 1105 sunt,
636 1018 766 1118 fiquid
781 1021 819 1094 in
840 1019 914 1098 boc
933 1019 1113 1099 dollrinae
1138 1045 1277 1124 genere
1292 1025 1413 1104 ruse·-

180 1141 291 1216 quor,
318 1121 434 1197 cunili
450 1121 642 1206 doilotea,
668 1121 731 1216 qui
747 1121 833 1214 Aur.
852 1121 994 1197 bullam
1011 1124 1046 1197 in
1064 1125 1129 1202 bec
1144 1127 1210 1202 lite
1226 1123 1391 1225 judicem
1476 1149 1480 1174 ¹

173 1239 361 1318 queemnt.
413 1219 519 1296 Illius
545 1220 645 1296 enim
670 1223 1096 1317 locapromiscuasunt,
1134 1247 1257 1322 neque
1284 1227 1392 1301 litem
1463 1297 1466 1302 ,

180 1323 358 1396 dirimunt
378 1337 483 1396 extra
505 1321 712 1395 ordinatior
735 1339 954 1399 conventus.
998 1321 1098 1420 Hinc
1116 1341 1155 1398 et
1172 1325 1247 1420 ipsa
1262 1325 1390 1422 diplo-

179 1437 275 1496 mata
292 1423 364 1496 hoc
380 1422 418 1494 in
432 1421 565 1496 ordine
580 1421 675 1496 varia
689 1421 863 1516 reperies.
915 1419 1019 1496 Idem
1036 1422 1124 1496 mibi
1131 1419 1308 1520 judicium
1326 1424 1392 1510 est,
1489 1421 1494 1432 '

179 1521 226 1594 de
243 1522 361 1597 civilia
376 1521 518 1595 ordinis
527 1518 761 1596 electoribus.
777 1517 894 1606 Quod
910 1538 1030 1596 tamen
1038 1523 1180 1606 nemini
1199 1523 1376 1602 obtrudo.

130 1617 187 1720 (a)
212 1619 319 1696 Ultra
335 1620 426 1696 hanc
442 1636 542 1695 certe
556 1633 703 1694 oetatem
722 1619 754 1692 is
767 1619 872 1696 verbi
888 1619 970 1694 usus
987 1641 1064 1698 non
1078 1619 1253 1720 adsurgit,
1281 1625 1318 1696 in
1336 1625 1388 1697 di·
1400 1601 1549 1676 Elestorlr
1626 1629 1635 1640 “

176 1720 408 1818 plometibus
420 1720 632 1803 minimum,
663 1719 760 1792 unde
777 1720 885 1795 corice
909 1720 1022 1817 stylus
1040 1721 1090 1794 ell
1106 1722 1341 1820 intelligendi
1357 1691 1530 1796 &verbum

181 1817 357 1895 Historici
382 1821 481 1894 enim
501 1816 524 1893 sr
547 1817 619 1892 hoe
635 1816 771 1894 babent
790 1838 852 1893 aut
866 1823 1009 1916 vulgari
1027 1821 1194 1896 sermone
1211 1823 1386 1898 scribunt:
1401 1792 1553 1924 pffim,
1595 1835 1598 1842 “

179 1911 241 1996 dut
256 1917 429 2018 tempora
447 1919 566 1994 solent
586 1919 804 2024 anticipare3
838 1937 901 1994 aut
921 1941 1026 1998 veras
1047 1921 1213 2022 rationes
1237 1923 1386 2020 prorsus
1396 1873 1436 2004 bs
1450 1941 1533 2008 inan.

179 2022 365 2118 ignorant.
551 2021 553 2032 ⁴
666 2099 670 2108 ,
1233 2085 1243 2102 ,
1398 2021 1499 2089 ditum

131 2118 192 2218 (t)
217 2117 301 2196 Tot
316 2117 432 2194 libros
448 2112 591 2216 dejure
611 2115 674 2202 ric
693 2105 866 2216 προεδρίῃ
880 2121 1113 2196 excluserunt
1128 2123 1256 2222 regum
1271 2120 1308 2196 in
1326 2144 1384 2196 or·
1398 2108 1550 2177 *¹¹⁸²A3·
1641 2177 1643 2182 -

175 2219 241 2305 be,
268 2220 307 2293 in
324 2217 484 2314 imperio
501 2219 707 2314 principum
724 2221 759 2292 in
775 2221 848 2294 boc
866 2237 1087 2316 argumento
1103 2189 1542 2338 contentiones;1¹¹21’¹³.²·

175 2319 237 2396 l'ed
253 2320 362 2395 multi
379 2320 535 2415 partium
550 2317 669 2392 studio
684 2320 847 2414 corrupti
865 2317 957 2405 sunt,
966 2320 1137 2416 plerique
1152 2323 1262 2397 etiem
1279 2305 1383 2418 igno·
1399 2293 1550 2423 {ssffiae

176 2423 292 2494 rantia
312 2433 465 2516 peccant
489 2415 714 2492 idoneorum
730 2417 1019 2514 principiorum,
1051 2420 1152 2494 unde
1171 2420 1267 2494 ratio
1285 2421 1455 2504 ordi-ru„
1468 2442 1551 2508 rm„

174 2520 243 2605 nir,
269 2517 489 2616 srquaeiuit,
506 2517 735 2614 repetenda,
775 2511 984 2616 Jobatmlsa
1000 2515 1117 2591 uass
1129 2536 1185 2593 rr
1204 2519 1383 2596 eruditam
1398 2524 1550 2621 principa·

175 2639 326 2693 manum
341 2633 381 2693 et
395 2619 591 2704 tammum,
616 2617 700 2713 qui,
729 2619 896 2692 omnium
911 2615 1072 2718 judicio,
1102 2618 1323 2694 admirabilis
1346 2638 1385 2695 et
1397 2622 1551 2706 corrupe-

175 2718 281 2816 supra
294 2717 570 2794 aemulatiolrem
589 2715 718 2813 posrtae
741 2718 938 2816 elegantia
957 2741 998 2792 ac
1012 2717 1224 2804 luculentiae
1239 2710 1445 2796 raudemffl·

154 2831 359 2902 ’meretum
392 2817 682 2918 laoc'negotium
710 2817 900 2914 expeilat,
936 2835 980 2892 ut
999 2821 1149 2894 arduum
1174 2837 1214 2895 et
1234 2821 1385 2895 maximi

90 3008 91 3017 ἵ
177 2918 373 3000 momenti,
399 2916 445 2992 stc
459 2916 754 2991 intolerabilibus
770 2935 890 2992 tamen
912 2920 1036 3003 tricis,
1051 2917 1190 3006 fraude,
1210 2921 1386 2995 machinis

177 3020 402 3114 inuolutum,
430 3035 471 3090 ut
484 3036 628 3092 cautum
645 3015 802 3092 omnino
819 3017 1035 3116 scriptorem
1052 3020 1233 3096 desideret
1245 3029 1387 3096 rerum-

177 3137 252 3214 que
276 3138 453 3216 gnarum.·
491 3115 642 3192 Utinam
663 3117 702 3190 id
723 3117 868 3215 pollent
893 3120 1101 3216 principum
1130 3142 1170 3193 ac
1194 3121 1387 3195 hominum

179 3216 410 3292 eruditorum
433 3219 670 3314 rogationes,
701 3235 744 3290 ut
763 3239 859 3314 opus
878 3235 1075 3294 maturaret
1099 3220 1156 3294 vit
1177 3219 1321 3292 illustris
1334 3235 1387 3292 at·

180 3338 255 3414 que
276 3313 625 3404 excellenrillrmus,
657 3333 762 3392 tanto
783 3337 902 3391 rerum
925 3317 1119 3412 adparatu,
1150 3339 1200 3406 ex
1216 3320 1387 3392 omnium

178 3435 391 3509 temporum
417 3415 597 3486 memoria
620 3432 660 3484 et
682 3418 876 3508 potiorum
898 3415 1062 3482 universe
1075 3415 1177 3482 orbis
1193 3430 1388 3504 rerumpu-

178 3511 352 3588 blicarum
368 3511 570 3588 rationibus
586 3513 866 3606 locupletatum.
904 3503 999 3582 Cum
1018 3505 1129 3582 finire
1145 3508 1235 3603 quid
1250 3506 1294 3580 ab
1310 3508 1386 3584 alio
1455 3607 1457 3610 Ι

177 3614 284 3688 nullo
298 3612 454 3688 literaria
470 3611 529 3685 fibi
556 3610 758 3707 respublica
778 3609 883 3684 facile
905 3609 1145 3704 polliceatur3
1176 3607 1279 3699 quod
1294 3627 1386 3701 pau-

177 3713 275 3787 cion
290 3714 464 3807 exempla
480 3712 546 3786 bnt
567 3711 795 3806 scriptorum,
821 3709 884 3805 qui
899 3706 1059 3782 scientiae
1073 3724 1112 3783 et
1126 3704 1321 3789 industriae,
1330 3704 1388 3804 ju·

179 3810 264 3888 dicii
285 3813 558 3910 elegantiaeque
582 3811 712 3884 laudes
734 3807 1000 3904 adsequuntur,
1029 3808 1282 3903 pratereaque
1304 3805 1388 3880 lon·

180 3933 250 4010 gos
272 3909 396 3987 rerum'
421 3911 687 3994 scribendarum
711 3907 794 3982 usus
824 3907 982 3990 babent,
1015 3905 1101 3982 huic
1125 3903 1292 3979 instimto
1313 3922 1389 3979 me·

180 4033 349 4112 gnopore
372 4009 599 4090 necetsarios.
648 4007 801 4110 Utinam
828 4027 956 4085 manus
977 4006 1026 4088 de
1047 4006 1114 4084 bac
1135 4002 1264 4181 tebulfl
1276 4003 1390 4080 edent
1514 4089 1529 4112 Ι
1597 4045 1601 4052 -

1103 4115 1110 4128 ’
1221 4125 1388 4194 losum,
