3600 4692
338 327 479 448 x158
646 288 1171 442 'Pvani‘uionnnrn
1206 313 1444 412 Auertere
1534 343 1539 348 ’
1677 441 1682 448 ἡ

393 527 488 648 pirri
502 485 656 628 similis}
692 507 761 640 qui
781 549 875 611 cum
889 519 1121 608 columbam
1141 461 1338 634 ⁴trepidam
1361 519 1412 608 ab
1429 478 1589 610 aliarum
1603 517 1704 609 simul

157 699 165 710 -
284 645 291 654 “
394 644 615 732 volantium
633 643 789 756 agmine
805 637 1069 753 palabundam
1088 634 1285 738 intuetur,
1322 664 1407 721 non
1424 639 1531 750 prius
1550 639 1703 724 eandem

275 799 280 808 ·
392 759 622 880 pernicibus
638 757 721 858 alie,
751 784 859 840 nunc
877 750 1031 850 sursum,
1062 762 1169 837 nunc
1183 747 1378 853 deorsum,
1399 749 1575 867 persequi
1592 749 1705 863 cellar,

362 921 370 930 ·
393 903 515 994 quam
532 875 661 986 longo
678 867 1105 983 volatudesatigatam‚
1144 893 1184 956 et
1206 864 1283 974 jam
1309 863 1461 980 segnius
1486 869 1631 988 alarum
1652 892 1705 954 re·
1743 963 1747 970 ,

391 992 521 1107 migio
540 988 687 1077 aeth‘era‘
706 1009 960 1080 manantem,-
978 984 1150 1076 incorro
1174 977 1322 1082 rostro,
1353 1007 1393 1076 et
1408 981 1558 1074 falcatis
1575 983 1703 1098 ungui.

308 1201 320 1217 ,
391 1107 468 1196 bus
490 1102 771 1219 adprehensam
793 1103 833 1188 in
857 1099 959 1186 illius
982 1125 1158 1210 corpore
1176 1121 1335 1186 tenaces
1358 1105 1509 1210 ungues
1533 1098 1650 1212 figit„
1669 1121 1704 1184 et

312 1231 316 1238 ’
392 1217 661 1325 semianimem
680 1209 1200 1326 cruento'rollrodepascit:
1220 1213 1345 1312 Non
1359 1209 1477 1300 'secus
1494 1217 1702 1302 Wernerus
1758 1298 1762 1306 ,

393 1335 526 1424 valido
545 1335 631 1422 ense
647 1331 724 1444 jam
742 1333 953 1420 cedentem
971 1328 1214 1440 Georgium,
1243 1353 1283 1415 et
1299 1329 1400 1416 iuter
1414 1329 1702 1444 Magnopolira·

390 1481 469 1540 nos
486 1451 623 1540 Duces
643 1451 823 1538 medium
847 1443 1108 1566 persequitur,
1143 1445 1478 1557 ingeminansque
1499 1447 1637 1534 islibus
1658 1443 1702 1532 ad

390 1566 498 1684 septa
514 1593 643 1682 usque
660 1587 858 1682 perurget,
878 1561 1004 1681 vseque
1019 1584 1100 1646 non
1116 1564 1302 1674 ignavum
1319 1559 1391 1646 elle
1409 1562 1451 1646 in
1466 1559 1542 1648 lrac
1561 1557 1700 1676 gladio·

275 1735 292 1748 -
359 1711 481 1772 ·rum
498 1709 630 1798 pugna
646 1680 906 1793 comprobor.
961 1673 1700 1786 PosthosadsuntssartolusFlans,et

388 1797 566 1910 Joanms
580 1793 730 1895 Loeser,
766 1823 848 1882 non
867 1819 1005 1906 parum
1024 1789 1235 1878 frementes
1253 1789 1288 1878 se
1302 1794 1347 1878 in
1367 1789 1514 1880 callum
1533 1795 1700 1880 aberran-

377 1915 497 2002 tibus
526 1911 740 2006 amborum
772 1907 886 1996 hallis
917 1903 1177 2004 concurrisse,
1214 1908 1401 2020 quidum
1426 1911 1700 2021 cominuspu'·
1796 2005 1797 2016 q

387 2046 525 2138 gnant,
552 2023 698 2137 gladiis
707 2052 819 2134 pares
837 2017 926 2106 fassi
944 2020 1040 2108 suut.
1089 2019 1457 2110 'Hissucc'elserunt
1476 2025 1642 2112 Luterur
1657 2023 1700 2107 de

389 2137 598 2248 Qitzour,
626 2161 667 2224 et
682 2137 878 2228 Nicolaus
892 2135 945 2220 'de
963 2125 1217 2250 Aldeuburg:
1256 2138 1431 2246 primum
1447 2135 1588 2240 hallis,
1618 2137 1700 2224 inde

388 2252 530 2370 gladiis
553 2275 771 2360 certantes,
808 2250 876 2368 qui
898 2245 1050 2336 tametsi
1076 2251 1115 2336 in
1134 2251 1611 2368 digladiatione'aequales
1626 2247 1700 2338 fue·

388 2392 503 2470 runt,
532 2365 648 2458 hallis
665 2372 799 2458 tamen
817 2371 987 2479 impares
1004 2361 1135 2464 fuerer
1173 2395 1265 2453 nam
1283 2367 1452 2454 Lutet'us
1469 2371 1510 2454 in
1534 2367 1700 2464 Nicolro
1795 2401 1796 2412 ³

344 2581 351 2588 ,
386 2483 536 2573 hallam
553 2484 658 2583 fixit,
689 2513 776 2598 quae
792 2486 881 2598 qula
900 2479 1223 2579 firmillrnmsuit,
1252 2473 1314 2569 ¹eo
1330 2483 1408 2568 irlu
1428 2485 1596 2571 minime
1612 2509 1701 2570 con·

385 2599 506 2689 fresia
524 2597 588 2687 elt.
644 2601 740 2686 lude
759 2599 875 2684 celeri
891 2594 999 2698 cursu
1016 2591 1512 2710 congrediunturJounnes
1532 2601 1698 2688 Slabren·
1795 2659 1796 2692 l

386 2711 515 2813 dorff,
544 2738 585 2802 et
598 2714 747 2801 Parnus
764 2710 1059 2820 Dannenburg,
1089 2713 1129 2796 in
1148 2741 1231 2822 quo
1248 2711 1453 2825 congressu
1472 2715 1573 2821 dum
1589 2715 1700 2826 Joan·

386 2944 489 3032 flexa
512 2943 552 3028 in
575 2937 850 3058 srullraabiit,
880 2967 1128 3054 pugnavero
1156 2944 1342 3030 cominus
1361 2945 1568 3034 commissa
1589 2947 1699 3034 ambo

385 3083 499 3174 pares
515 3042 633 3146 fuere.
690 3058 963 3148 Ebeliusvero
981 3053 1328 3158 ueterummar'e,
1358 3085 1398 3148 et
1415 3062 1640 3150 Foedericus
1653 3061 1697 3146 de

385 3167 605 3266 Wolserod
622 3171 769 3262 infestis
786 3174 931 3262 lanceis
947 3197 1252 3274 concurrentes,
1287 3169 1454 3292 uterque
1474 3179 1598 3265 ielum
1623 3201 1695 3264 non

162 2903 166 2910 .
231 2835 238 2847 ’
368 2857 457 2941 “nes
475 2827 644 2919 Paruum
662 2827 768 2916 halla
784 2823 894 2925 soriti
925 2826 987 2912 illa
1004 2825 1100 2914 sorti
1116 2823 1197 2913 nil'u
1216 2828 1255 2912 in
1272 2826 1433 2916 adverso
1451 2831 1697 2942 corporede·
1794 2909 1795 2914 a

384 3289 427 3380 in
450 3285 728 3394 adversarium,
764 3287 828 3378 sed
853 3290 1084 3388 inventum
1108 3285 1345 3378 ellirderunt.
1403 3290 1552 3380 lterum
1571 3291 1695 3381 urielis
1738 3307 1742 3318 “
1793 3331 1794 3425 ᾗ

385 3405 523 3520 gladiis
554 3431 837 3493 concurrentes
876 3403 1061 3514 utrinque
1102 3431 1216 3516 pares
1252 3401 1424 3494 fuerunt.
1494 3407 1694 3498 Postremo

384 3515 671 3632 Wolffgangus
689 3519 843 3626 Borclc,
882 3517 1044 3605 etOtto
1069 3517 1125 3603 de
1139 3519 1285 3606 Sebich
1310 3520 1426 3607 hallis
1453 3552 1627 3638 pugnam
1644 3525 1692 3610 ln·

384 3661 523 3728 euntes
538 3634 620 3722 illas
644 3637 684 3722 in
700 3665 831 3724 vacuo
854 3659 941 3722 aere
968 3629 1188 3734 confixere,
1226 3665 1301 3738 nee
1325 3637 1459 3749 gladio
1483 3642 1581 3727 alter
1596 3635 1692 3724 alteri
1792 3641 1793 3673 ³

381 3751 558 3868 superior
580 3747 665 3840 fuit.
719 3749 812 3838 Post
835 3749 938 3848 haec,
977 3773 1096 3860 parva
1115 3749 1314 3861 inte'rjesla
1336 3761 1470 3854 mora,
1500 3751 1691 3841 donecui·
1792 3769 1793 3774 ‘

379 3895 443 3960 res
459 3865 673 3977 colligant,
701 3864 723 3953 l
740 3895 872 3981 pugna
888 3859 1074 3952 cessatum
1091 3863 1165 3966 est,
1196 3867 1290 3953 inde
1308 3866 1496 3982 clangore
1517 3873 1617 3959 tuba
1633 3895 1689 3981 pa·

253 4023 271 4041 e
379 3985 474 4071 riter
488 4006 630 4075 omnes
644 3983 694 4066 ad
715 4007 917 4070 certamen
933 4003 1193 4070 revocantum
1229 3983 1366 4098 Atque
1383 3987 1436 4070 ita
1453 3989 1591 4074 armati
1605 3985 1689 4070 den·
1789 4001 1792 4060 l

357 4095 448 4189 sati
467 4095 704 4201 clamantes,
728 4095 888 4214 pilaque
906 4089 1091 4186 manibus
1107 4097 1488 4230 accommodantem
1518 4089 1689 4298 erespgls.
1791 4097 1792 4134 l

747 4249 750 4254 ’
1585 4235 1688 4304 mres
1790 4251 1791 4284 r
