3566 4682
129 385 132 394 .
359 286 452 412 2⁶76
800 281 991 377 Garine.
1032 287 1246 378 Snnruvs

279 567 291 580 ,
360 489 589 589 munitatis,
627 516 704 603 qua
722 489 941 582 nobiliores
958 487 1074 575 urbes
1090 486 1271 574 Saxoniae
1297 487 1473 600 gaudent
1496 489 1685 580 aCarolo

343 609 521 724 -Magno
544 607 584 692 e't
602 607 842 692 Otlrorribus
868 606 1036 690 donatae.
1092 603 1215 690 Ciues
1243 606 1350 690 enim
1375 605 1687 720 llrandebutgen·

252 718 259 741 ⁴
365 724 420 813 les
438 723 681 838 praecaeteris
701 723 899 822 immunes
923 719 1008 806 sunt
1037 717 1309 832 velligalibus.
1342 723 1699 836 proptet.antiqui·'

251 839 253 843 ’
284 845 289 850 ’
366 865 489 930 tatem
514 862 554 926 et
583 838 818 950 dignitatern
849 835 975 931 urbis,
1014 836 1063 924 de
1090 833 1206 938 cuius·
1227 838 1394 920 nomine
1412 861 1497 920 tota
1515 835 1688 948 Matthia

363 979 601 1068 cognomen
631 953 759 1038 habet.
843 949 909 1036 Eri
944 979 984 1035 et
1010 953 1116 1064 apud
1148 947 1510 1065 Brandehurgenl'es
1542 953 1688 1040 celebre

271 1089 288 1101 '¹
363 1069 556 1182 judicium
569 1129 581 1174 ‚
621 1070 668 1154 ad
691 1067 807 1180 quod
822 1065 1020 1178 'tanquam'
1042 1068 1090 1150 ad
1110 1067 1446 1178 Areopagitarum
1473 1067 1646 1154 tribunal
1669 1065 1688 1152 ὲ

181 1183 191 1196 ’
304 1247 307 1254 «
368 1187 599 1299 longinquis
624 1182 852 1296 regionibus
878 1177 1109 1268 deferuntur
1132 1179 1253 1266 caule
1275 1177 1550 1287 dijudiitandaeu
1612 1183 1690 1293 Qri

367 1299 429 1411 jus
458 1292 514 1385 ibi
537 1300 700 1394 dicunt.
739 1299 861 1410 vulgo
884 1295 1042 1382 Scalrini
1078 1307 1296 1400 vocantur,
1330 1281 1451 1410 idque
1484 1299 1496 1381 i
1528 1296 1613 1385 lum
1635 1298 1690 1406 ius

310 1431 335 1462 ⁶
368 1415 599 1504 nominatur
636 1409 968 1524 Brandeburgenl
985 1473 993 1491 .
1073 1411 1276 1522 Qaelibet
1313 1411 1413 1498 urbs'
1448 1328 1570 1499 halet
1606 1415 1689 1500 duo

367 1531 514 1642 templa
539 1527 669 1642 ampla
693 1554 733 1614 et
750 1525 925 1642 augusta,
967 1525 1154 1634 videlicet
1184 1525 1414 1638 paro‘chianr
1436 1555 1474 1612 et
1492 1526 1690 1616 Monalle·

198 1733 208 1759 Ι,
368 1647 481 1733 rium.
541 1646 618 1731 Sed
646 1645 742 1732 nihil
772 1645 935 1756 perinde
963 1651 1155 1758 utramque
1179 1667 1297 1730 ornat
1321 1643 1542 1742 ciuitatem,
1584 1673 1628 1730 ut
1652 1643 1691 1732 il·

81 1863 85 1872 ,
366 1763 438 1850 lud
457 1761 651 1872 templum
672 1757 798 1846 Beatae
817 1758 953 1844 Marica
972 1759 1170 1869 Virginis,
1212 1757 1325 1872 quod
1340 1757 1563 1868 imperator
1583 1763 1690 1846 Hen-

208 1905 216 1988 ζ
278 1919 285 1928 ·
367 1879 472 1964 ricus
492 1877 655 1986 Auceps
680 1875 729 1959 ad
753 1873 1044 1960 testificandum
1066 1869 1179 1959 'suam
1202 1875 1253 1957 de
1269 1872 1461 1960 Vandalis
1483 1875 1688 1962 vidlotiam

226 2019 230 2026 ’
368 1991 409 2078 in
428 2016 569 2075 monte
600 1989 902 2102 Harlungorum
936 1989 1119 2074 extruxit.
1156 1988 1216 2074 'ld
1249 1983 1486 2076 aedificatum
1511 1989 1568 2076 est
1587 1991 1636 2076 ad
1651 1985 1672 2074 s
1677 2035 1688 2056 ·

371 2105 634 2212 militudinem
651 2103 890 2216 Graecorum
913 2103 1175 2215 templorum:
1213 2102 1268 2188 eil
1292 2105 1398 2188 enim
1426 2102 1530 2215 quali
1553 2131 1691 2191 rotun·

368 2217 489 2308 dunt:
520 2245 561 2307 et
576 2245 748 2336 quatuor
768 2213 961 2304 inclusum
984 2218 1155 2304 turribus
1174 2219 1462 2331 quadrangulis,
1493 2226 1545 2330 ita
1564 2249 1611 2306 ut
1628 2221 1690 2305 he·
1714 2309 1719 2327 ‚

370 2335 553 2453 micyclia
574 2339 675 2423 inter
694 2331 859 2446 fingulas
886 2360 1012 2419 turres
1043 2331 1159 2419 inllar
1183 2335 1313 2420 crucis
1334 2333 1548 2423 emineant.
1605 2335 1690 2422 Sin·

367 2453 470 2566 gulis
497 2451 669 2538 turribus
693 2444 867 2560 inrpdsrti
893 2446 978 2536 lunt
1000 2447 1122 2562 globi·
1144 2449 1309 2534 inaurati
1337 2451 1615 2562 magnitudine
1638 2453 1692 2536 in·

368 2565 507 2682 fignes.
565 2567 628 2654 Eo
654 2567 692 2652 in
718 2562 813 2650 fano
842 2557 1338 2677 stabat.niceps.1d01hm‚
1365 2563 1502 2678 Trigla
1526 2567 1690 2668 dilium,
1781 2665 1782 2678 Ν

364 2685 485 2796 'quod
525 2681 621 2766 olim
662 2679 834 2767 Vandali
875 2675 1025 2764 summa
1065 2679 1319 2764 ueneratione
1355 2679 1578 2768 coluerunt.
1649 2681 1688 2766 ld
1781 2745 1782 2760 r

345 2797 507 2892 ,Diana
533 2795 608 2880 fuit
638 2791 943 2882 fimurachrumr
976 2795 1085 2881 Nam
1118 2821 1166 2882 ex
1198 2793 1572 2884 EusturhioGtaeco
1605 2795 1690 2882 scri·
1781 2795 1782 2798 ‘

370 2935 488 3026 prore
505 2907 678 3012 constat,'
714 2911 885 2996 Dianam
907 2909 1005 2994 olim
1020 2908 1200 3022 Triglanr
1223 2906 1332 2996 fuille
1354 2909 1512 2998 didam.
1570 2913 1690 3026 idque

369 3025 526 3113 idolum
550 3029 685 3138 paucis
702 3023 846 3110 abhinc
863 3027 972 3110 annis
992 3025 1166 3110 ablatum
1188 3021 1239 3110 ell
1257 3021 1282 3110 l
1298 3021 1571 3132 Christierno,
1591 3053 1689 3142 rege

269 3139 300 3167 ’“
358 3139 594 3252 Danorunr,
624 3167 718 3225 curn
749 3139 780 3224 is
808 3139 898 3226 exul
930 3141 968 3224 in
1000 3138 1178 3226 Marchia
1207 3163 1348 3252 ageret.
1406 3137 1475 3226 Est
1505 3167 1688 3255 praeterea

311 3307 315 3316 ,
370 3255 455 3343 hoc
473 3253 688 3368 templum·
705 3251 852 3368 infigrre
868 3253 1152 3340 llnrchionum
1183 3255 1425 3366 leprrltutis,·
1448 3285 1624 3369 qnorum
1649 3259 1685 3340 in

228 3477 235 3484 ‚
369 3373 447 3460 vita
466 3372 656 3482 Hugonis
680 3375 928 3458 mentionem
958 3365 1144 3456 fecimus:
1183 3369 1334 3482 elique'
1345 3371 1508 3481 plenum
1538 3373 1689 3466 tabulis,

370 3487 579 3599 inquibus
609 3485 765 3596 depidia
790 3483 874 3572 sunt
897 3483 1088 3598 gentilitia
1113 3481 1290 3598 infignia,
1325 3486 1575 3600 Principum.
1602 3486 1686 3573 Co·

327 3667 330 3676 r
370 3603 535 3699 mirum,
566 3601 807 3706 Batonum5.
828 3627 867 3688 et
890 3601 1069 3714 equitum
1103 3597 1339 3688 Germania.
1396 3601 1555 3688 Omnes
1582 3603 1686 3687 enim

363 3716 533 3822 ‚illullres
562 3743 602 3802 et
635 3715 790 3803 nobiles
814 3713 971 3803 familiae
994 3715 1033 3800 in
1058 3715 1089 3800 F
1092 3717 1239 3822 rancia.
1276 3715 1467 3814 Saxonis.
1488 3715 1687 3809 ‚diarchia

370 3834 623 3928 Pomerania.
660 3827 779 3944 sulita
803 3827 889 3918 sunt
918 3831 1155 3916 memoriam
1182 3829 1365 3935 nominis
1377 3827 1430 3916 sui
1450 3829 1686 3936 consecrate,

371 3947 570 4060 ejusmodi
600 3947 847 4074 tmuisdiir
868 3943 1003 4035 affixis.
1070 3943 1159 4034 Fuit
1180 3947 1288 4034 idem
1313 3945 1511 4062 templum
1536 3943 1687 4142 eeleblre

467 4103 468 4107 ’
1397 4101 1402 4110 ·
1492 4079 1635 4148 miracu
1654 4081 1685 4142 18
