3534 4682
197 319 438 411 Founvea
465 315 705 409 Dvcutvs
741 319 1229 412 Burunasvaoausrs.
1306 333 1363 424 38¹

68 515 238 648 iupersrnr
259 521 453 618 cladium,
490 520 614 609 Slavis
630 507 787 636 fortiter
808 519 999 610 illatarum
1020 523 1122 635 (d).
1179 517 1239 606 Et
1261 545 1360 606 vero

6 709 8 714 ,
67 637 135 720 save
157 633 365 748 spontanea
388 639 616 752 principum
640 637 865 737 deditione,
896 635 972 724 save
994 664 1199 726 armorum
1220 633 1360 745 jureid

67 748 202 838 fotium
221 749 287 858 fir,
327 783 458 842 rerum
474 757 605 868 gnaris
620 781 667 838 ex
684 753 918 868 incorrupta
934 776 1296 842 monumentorum
1313 747 1360 838 fi·
1390 793 1391 798 κ

66 869 112 954 de
132 866 303 964 constat.
333 867 501 956 cuniios
518 866 600 956 fere
618 871 816 982 principes
832 870 1094 957 Venedorum
1112 866 1360 955 Brundebur·
1451 955 1455 960 .

64 984 154 1096 gitis
174 985 469 1074 marchionibus
487 983 680 1074 fidelitate
692 1011 731 1070 et
741 985 955 1074 clientelari
971 983 1163 1100 obsequio
1180 982 1360 1072 addictos

65 1097 173 1186 iuiii'e.
226 1101 293 1188 De
319 1101 652 1192 Ponunanraa
672 1097 745 1214 (f)
778 1099 969 1208 ducibus,
999 1099 1245 1306 beneficiaga
1271 1099 1360 1212 iege
1490 1151 1497 1163 ·

174 1257 176 1262 ¹
602 1220 765 1310 Esco
1226 1217 1363 1303 rande·

107 1415 167 1515 (d)
196 1413 375 1516 Equidem
396 1441 473 1496 non
489 1419 520 1493 is
536 1442 611 1519 ego
631 1417 718 1504 sum,
737 1417 799 1514 qui
802 1413 992 1516 firrrornnr
1007 1418 1115 1504 causa,
1132 1417 1286 1516 populis
1302 1417 1360 1492 vei
1377 1403 1496 1486 justitie

156 1542 268 1616 regna
284 1521 477 1620 disputari,
498 1523 561 1597 vel
587 1519 682 1594 bella
703 1521 827 1596 inserri
850 1519 1187 1616 poffe'existimem.
1238 1517 1273 1592 A
1296 1539 1364 1614 qua

155 1622 343 1723 mystarum
372 1622 573 1697 ambitione
603 1637 713 1716 atque
743 1619 885 1696 scelesta
907 1618 1063 1696 habendi
1090 1607 1262 1716 cupidine
1282 1639 1363 1692 cum
1374 1589 1492 1728 cim

152 1723 455 1820 prudentioribus
469 1723 607 1798 merito
628 1720 822 1798 abhorreo.
873 1718 990 1808 Quod
1012 1717 1273 1816 sapientissimo
1297 1741 1361 1792 nu·
1379 1743 1448 1815 ω,
1499 1737 1519 1762 ⁴·
1548 1789 1551 1794 ,

56 1907 57 1912 q
157 1821 248 1904 mini
264 1824 378 1900 visum
396 1823 548 1908 nonis,
562 1818 643 1896 alio
655 1824 837 1907 remedio,
854 1822 1094 1919 quamverbis
1107 1843 1148 1897 ac
1162 1819 1287 1918 spiritu
1299 1841 1367 1916 pu·

158 1925 296 1998 riorem
313 1923 488 1999 cultuma'
506 1923 723 2000 mortalibus
742 1945 886 2022 rogare.
910 1941 914 1954 ’
939 1921 1081 2000 Verum
1096 1923 1293 1998 enimvero
1311 1919 1368 2007 hi·
1423 1979 1428 1988 .

152 2025 258 2107 storia
277 2021 374 2098 testis
391 2025 453 2110 est,
468 2021 712 2100 Venedorum
733 2021 907 2100 effrenem
923 2025 1123 2122 populum,
1144 2017 1367 2122 Carolingo·
1433 2036 1440 2056 ·

50 2153 52 2162 ·
157 2137 234 2200 rum
252 2128 425 2223 potentia
438 2127 476 2199 in
493 2123 701 2200 Germaniis
719 2125 982 2210 descrescenre,
1005 2147 1083 2198 non
1106 2123 1225 2200 solum
1241 2121 1366 2209 fidem,

154 2249 223 2322 qua
240 2227 317 2301 illis
333 2225 464 2302 addreb
487 2225 649 2312 fuerant,
671 2224 877 2312 violaviiie3
911 2222 974 2298 sed
1000 2223 1112 2299 etiam
1137 2222 1366 2316 quotidianis

156 2326 353 2402 incursibus
369 2321 603 2402 Germanicas
623 2327 798 2424 regiones
813 2321 969 2399 invasisse
986 2315 1215 2420 etdiripuisse
1229 2320 1366 2396 inuasas

156 2447 196 2504 et
211 2431 377 2524 direptas
385 2426 617 2502 inflammasse
631 2443 740 2522 atque
756 2424 973 2522 excindiffeq
1012 2421 1061 2498 Et
1076 2423 1184 2508 licet,
1213 2419 1373 2496 Heariei

149 2547 264 2628 atque
279 2527 469 2604 Ottonum
484 2529 592 2602 armis
605 2547 644 2601 et
658 2524 880 2601 exercitibus
900 2519 1064 2621 repressa,
1087 2520 1239 2609 suham,
1259 2522 1299 2596 in
1314 2521 1368 2598 di·

157 2632 380 2726 tionemque
395 2629 534 2724 recepti
543 2627 673 2703 essent:
700 2625 756 2704 illi
771 2647 954 2722 nunquam
965 2643 1089 2700 tamen
1101 2623 1265 2699 animum
1275 2645 1367 2697 exu-

152 2748 285 2815 erunt,
305 2730 466 2805 rebelles
480 2727 559 2816 fieri
580 2745 619 2803 et
634 2727 680 2802 ad
703 2726 890 2824 pristinum
913 2726 1041 2801 statum
1068 2720 1216 2801 reverti.
1268 2719 1367 2808 Quis
1465 2721 1467 2729 '

73 2837 76 2848 '
158 2833 329 2910 crederet
344 2831 550 2915 historiam,
571 2829 633 2932 nist
656 2827 840 2906 auiiotern
854 2827 1072 2934 principem
1096 2823 1248 2902 haberet
1267 2825 1367 2900 inte·

156 2934 380 3027 geramum,
405 2929 624 3014 Friderr'crmr
644 2924 892 3014 Willresnrunr‚
913 2943 1172 3026 cognomento
1192 2945 1366 3026 magnum.

156 3033 239 3108 Suo
256 3035 368 3108 etiam
385 3049 558 3129 tempore
575 3029 963 3129 superiuiffettestatun
978 3021 1282 3104 consuetudinem
1297 3023 1379 3102 Ve·.

149 3135 358 3209 nedorum:
385 3149 427 3208 ut
442 3133 640 3228 quotannis
662 3153 774 3232 regem
795 3147 966 3216 crearent,
990 3147 1151 3206 creatum
1173 3129 1210 3203 in
1234 3126 1375 3204 scenam

56 3321 59 3328 .
149 3235 391 3326 deducerent,
407 3232 603 3309 deduiiu'm
617 3249 895 3319 venerarentur,
917 3231 1103 3326 utrimque
1117 3247 1238 3306 autem
1254 3229 1373 3327 pristi-

152 3357 214 3412 nae
229 3333 447 3433 reipublicae
462 3335 678 3409 memoriam
694 3333 940 3411 instaurarent.
992 3327 1073 3428 lpse
1094 3332 1267 3428 princeps
1291 3332 1370 3405 ele·

159 3431 241 3512 siba
260 3435 466 3532 spectaculo
488 3433 562 3519 isti,
590 3433 652 3510 sed
679 3433 805 3510 habitu
839 3429 1019 3516 simulato,
1050 3429 1214 3529 praesens
1243 3427 1372 3506 adsuit.

49 3567 52 3572 ·
145 3537 308 3612 Plenius
323 3535 397 3612 boc
413 3536 577 3614 recenset
590 3531 973 3614 IarodrrrTouurvs
1000 3533 1037 3604 iu
1059 3531 1229 3608 itinerar.
1250 3551 1288 3630 p.
1310 3545 1371 3625 42.

156 3636 283 3734 Atque
299 3657 480 3737 perpetua
496 3635 683 3713 bellorum
698 3658 738 3712 ac
750 3634 1162 3712 discriminummateria
1173 3631 1258 3719 fuit,
1273 3629 1373 3708 causa
1498 3643 1500 3647 ·

153 3738 437 3835 trophaeorum,
456 3760 541 3834 quae
558 3738 669 3816 nostri
686 3760 706 3812 a
726 3733 893 3825 Venedis
913 3749 1160 3832 reportarunt
1383 3757 1526 3828 pom.

1377 1491 1531 1558 bellorum
1658 1534 1663 1542 -

110 3855 167 3955 (a)
194 3857 287 3934 Non
309 3844 1515 3956 entnureunnet‚naec·prortxetneare;.peropturuonirnun
1596 3847 1599 3853 ·
1697 3833 1705 3842 ’

161 3959 378 4034 summatim.
431 3955 538 4032 Malo
553 3959 614 4036 bic
630 3959 703 4034 illis
719 3959 785 4046 uti,
802 3977 887 4055 quae
909 3951 1282 4054 congessrteruditus
1308 3976 1353 4028 au
1381 3927 1546 4084 fflffi
1605 3969 1609 3976 ·

162 4059 251 4140 sior.
273 4057 424 4165 Egidiirs
437 4079 503 4134 auu
529 4053 592 4132 dar
612 4055 798 4136 Maean
823 4057 855 4161 q.
869 4079 896 4134 r.
919 4052 1065 4156 raipttbs.
1085 4053 1268 4132 Pamrran.
1284 4077 1361 4240 1th
1383 4099 1423 4163 de
1435 4095 1519 4166 addi·

650 4219 652 4223 ·
938 4181 942 4186 ’
1040 4197 1049 4202 “
1124 4255 1127 4264 Δ
1255 4178 1296 4256 Ρ·
1342 4177 1372 4234 1.
1386 4183 1437 4260 sti.
