3600 4692
46 359 51 364 ’
174 381 198 466 ,³
291 357 1179 490 ·-drr.u1'cal’ao'o'rtru.Jonc'rurml
1321 339 1476 498 ἤι’
1548 391 1554 398 ’

107 568 286 662 ciderunt.
343 570 439 666 Inde
456 571 773 686 congrediuntur
788 569 957 660 Luterus
974 571 1026 662 de
1044 571 1255 686 Qitzow,
1278 575 1414 668 etia».

107 689 315 784 tems-Ham
330 689 400 800 qui
414 687 699 780 tametsrhallis
715 685 836 776 ambo
855 687 950 776 nibil
965 690 1201 794 aberrarent.
1216 690 1415 804 Qitzow
1507 745 1518 765 ι

105 825 226 888 tamen
243 799 388 890 fortius
405 801 519 890 ballae
537 806 707 891 innitens
727 803 921 890 Luterum
939 805 1035 894 Han
1050 804 1184 893 valido
1200 805 1278 892 iuu
1307 831 1415 919 equo

105 915 244 1022 dejicit·
293 914 376 1029 lpse
391 919 586 1007 immotus
602 915 740 1012 sedens
754 919 931 1006 viuoriae
945 918 981 1008 se
1004 944 1245 1034 compotem
1261 919 1414 1010 ‘fadlum
1495 967 1497 975 ι
1561 1025 1565 1032 ι

105 1030 170 1118 elle
196 1033 353 1146 gaudet.
425 1030 518 1120 Poll
541 1033 618 1121 hos
648 1031 791 1121 sociale
820 1033 1013 1124 ballicum
1043 1061 1243 1124 certamen
1277 1039 1416 1122 ineunt
1552 1048 1556 1054 ’
1590 1112 1598 1125 ,

104 1147 355 1254 Weneeslaus
368 1148 424 1242 de
441 1148 734 1237 Wartenbercb
751 1148 973 1251 Bohemus,
989 1174 1029 1239 et
1046 1149 1211 1239 Gabriel
1221 1151 1417 1264 Pogortrr·
1491 1247 1493 1254 ,

104 1259 150 1345 kii
164 1262 362 1363 polonus,
398 1261 559 1354 Ebelius
581 1265 632 1354 de
645 1265 908 1352 Krummenle
915 1328 930 1375 ,
966 1290 1006 1354 et
1021 1267 1233 1380 Wipertus
1256 1254 1307 1354 de
1325 1267 1417 1352 Bar·

103 1373 314 1486 bei-junior.
371 1375 505 1486 Hujus
519 1381 745 1477 certaminis
770 1381 949 1468 bravium
966 1379 1042 1468 fuir
1058 1379 1224 1494 pulchra
1247 1379 1418 1480 corolla,
1464 1457 1492 1470 ..

104 1515 139 1576 ct
153 1491 304 1697 infiqpis
320 1495 510 1600 annulos,
540 1497 663 1612 quod
683 1495 861 1582 bravium
882 1496 1023 1584 viclnri
1039 1496 1184 1585 Ebelio
1198 1498 1323 1584 virtus
1347 1497 1417 1582 de·

106 1606 166 1694 dit.
265 1609 302 1694 ic
327 1611 434 1694 enim
461 1609 656 1698 immotus
689 1610 823 1698 sedens
839 1611 938 1698 alios
965 1609 1106 1726 septies
1125 1615 1241 1726 equis
1265 1608 1420 1719 dejecit.

104 1717 335 1837 Fuitquebic
351 1725 535 1813 omnium
555 1726 793 1841 equestrium
808 1727 998 1814 ludorum
1015 1753 1134 1842 atque
1153 1727 1418 1820 certaminum
1472 1791 1477 1796 2

106 1833 192 1926 finis.
246 1835 389 1953 Postea
420 1866 621 1932 concentu
647 1837 831 1930 tubarum
862 1843 993 1930 vocati
1028 1841 1418 1954 auliciundiquein
1499 1877 1507 1886 ·

106 1952 281 2066 palatium
298 1957 543 2078 conveniunt
557 1985 713 2054 coenam
731 1959 1006 2069 expectantes,
1042 1986 1119 2070 qua
1148 1956 1316 2047 tandem
1331 1982 1419 2069 per-

106 2067 178 2154 alla
200 2071 404 2184 utriusque
432 2069 541 2158 sexus
560 2073 721 2162 ordines
740 2075 968 2165 catervatim
987 2075 1026 2159 in
1045 2073 1298 2184 pretorianas
1317 2071 1420 2156 ades

103 2179 306 2274 luminibus
333 2209 457 2272 atram
488 2189 650 2274 nollem
669 2188 923 2302 vincentibus
935 2186 1170 2287 confluunt,
1202 2185 1272 2272 ‘ubi
1290 2187 1339 2271 ad
1355 2208 1418 2271 tu·

103 2295 228 2386 barum
244 2300 511 2414 tibiarumque
530 2301 720 2388 modulos
737 2300 872 2398 chori,
909 2301 1163 2414 tripudiaque
1197 2300 1419 2385 ducuntur:

103 2413 228 2525 Atque
247 2413 454 2528 postremo
470 2416 652 2504 nonnulli
670 2416 884 2529 Principes,
915 2415 1118 2513 Comites,
1147 2437 1417 2526 proceresque

103 2525 285 2642 personati
302 2528 504 2617 venientes
528 2529 620 2643 post
642 2529 852 2617 desaltatos
878 2531 1075 2643 quosdam
1101 2527 1304 2619 llaticulos
1322 2555 1416 2612 cum

104 2643 409 2740 matronalibus„
431 2644 686 2760 virgineisque
709 2643 931 2758 agminibus
948 2644 989 2730 io
1003 2644 1149 2757 ‘palatia
1167 2638 1229 2729 sua
1254 2643 1416 2746 rediere.

26 2833 32 2840 .
69 2815 87 2848 .
103 2755 258 2872 Fuitque
274 2757 343 2844 bic
363 2760 447 2846 dies
463 2759 815 2847 Bacchanaliorum
834 2757 1071 2871 postremus.
1128 2757 1320 2870 Sequenti
1337 2756 1417 2854 die,

104 2877 162 2984 qui
176 2873 443 2964 Kalendarum
459 2873 591 2961 Martii
610 2874 749 2962 tertius
766 2869 860 2970 fuit,
898 2871 999 2959 hora
1025 2872 1103 2958 diei
1127 2899 1234 2958 nona
1252 2867 1417 2968 lllullres

102 2985 294 3104 Principes
308 2988 540 3097 joaursas
553 2993 595 3092 et
615 2985 900 3076 Hmu'nrdvs
922 2987 1118 3100 patrueles
1128 2983 1315 3086 (Sulloniae
1328 2985 1417 3096 Du·

102 3129 273 3192 cescum
297 3102 501 3190 leuiffino
528 3105 706 3224 equitatu
727 3103 1028 3210 domuitionem
1053 3101 1265 3216 capellum.
1321 3095 1416 3187 Post
1570 3191 1573 3196 ,

102 3215 169 3307 bos
184 3216 350 3308 illustres
373 3218 654 3308 Hurrrmcvs
680 3243 720 3306 et
740 3222 1000 3308 Aussurvs
1031 3214 1168 3304 fratres
1183 3215 1416 3330 Magnopo·
1502 3267 1506 3272 ·

102 3333 198 3424 lirani
225 3337 365 3446 Duces
398 3352 489 3421 cum
516 3333 747 3422 Chariffima
779 3333 935 3438 sorore,
987 3357 1028 3419 et
1058 3331 1415 3447 pulcherrimarum

103 3449 330 3564 virginum,
366 3463 717 3566 matronarumque
736 3450 912 3538 coetuin
943 3448 1109 3561 patriam
1140 3445 1245 3539 suam
1271 3447 1415 3534 abiere.

80 3561 1079 3676 ‚PostrenrolllullrillrmiPrincipesJoacurmvs
1102 3564 1433 3659 etAuuunrvsg
1540 3657 1547 3666 ⁸

103 3674 229 3773 fratres
244 3675 1022 3792 MarcbionesBrandenburgenlescum
1048 3676 1414 3764 lllullrillrma'Em·

104 3817 338 3892 rasuram,
367 3818 408 3881 et
423 3795 632 3883 matronali
649 3797 909 3911 virgineoque
926 3794 1141 3890 comitatu,
1172 3815 1212 3880 et
1227 3789 1414 3882 nobililli·

103 3909 253 4005 morum
271 3914 447 4016 virorum
466 3913 645 4026 equitatu
660 3910 872 3998 llerlinium
892 3909 1033 3996 avitam
1058 3909 1203 4022 regiam
1213 3909 1329 3994 *adire
1346 3937 1411 4022 pa·
1548 3989 1549 3994 a

103 4028 206 4112 rant'
246 4023 347 4142 lllud
364 4023 466 4112 inter
486 4029 620 4118 omnia
638 4052 862 4114 memoratu
889 4029 1057 4140 dignum
1083 4049 1201 4137 atque
1223 4023 1411 4138 equidem
1518 4039 1520 4044 ’

103 4165 243 4250 rarum,
268 4160 316 4230 ac
329 4135 476 4266 nescio,
500 4137 732 4346 liunquanp
736 4144 935 4247 auditum,
960 4169 1049 4229 non
1059 4141 1327 4260 preterierim,
1345 4159 1412 4269 tot

759 4287 789 4348 2,
1268 4278 1409 4340 couvr-
