3660 4690
331 287 1177 429 BrunrcaPressuraJoact-riussrsj
1240 269 1243 278 ⁵
1298 313 1414 420 ¹145
1497 333 1530 353 -.

106 473 332 593 illustrissima
353 473 694 598 Cdrrtnrrrsm,
725 523 769 586 ut
787 496 1118 620 pedibustertam‘
1134 494 1328 617 contigit,
1353 502 1411 591 in·
1434 568 1445 586 .

105 643 154 704 ter
168 619 255 705 alias
273 619 480 706 Matronas
493 641 535 702 er
551 616 736 732 Virgines
753 615 956 718 incedens,
987 616 1110 728 qualis
1127 615 1268 714 Diana,
1287 647 1410 733 quam
1445 694 1446 703 ,

104 733 136 820 in
150 735 308 822 Eurotae
332 735 448 846 ripis,
472 725 552 840 ⁸air't
574 729 847 844 iugisCyothi
872 730 987 814 mille·
1004 729 1215 842 sequuntur
1231 735 1411 823 Oreades

102 841 370 978 Dryadesque;
417 877 514 962 quas
553 845 755 958 ipsarum
791 845 975 958 gradiens
1008 847 1115 931 Dens
1146 845 1410 962 supereminet
1466 925 1468 932 .
1539 942 1545 951 ,
1630 887 1633 894 ’

102 975 250 1066 omnes,
287 993 396 1072 cutus
423 963 747 1079 pesius'tantnm
775 961 917 1076 gaudia
937 987 1183 1074 pertentantr
1221 966 1309 1052 talis
1327 989 1410 1054 erat

100 1080 241 1194 Virgo,
279 1109 365 1196 quae
383 1082 541 1194 quoties
562 1077 784 1183 'astartibus
801 1079 906 1194 inter
927 1076 1018 1162 alias
1042 1079 1316 1168 incederevisa
1342 1083 1413 1184 est,
1544 1105 1547 1120 ⁸
1609 1105 1615 1118 “

100 1199 207 1282 toties
224 1197 542 1304 eoru-mammos
565 1193 824 1304 exhilarabat,
848 1193 979 1305 ignara
994 1187 1031 1278 se
1049 1193 1170 1304 paulo
1187 1194 1411 1312 postspon·
1471 1289 1476 1299 ,
1610 1221 1620 1232 “

100 1299 421 1400 [εωἹΙΙυῆτίίῑῐωί
438 1312 630 1423 Principis
646 1307 832 1408 suturam,
864 1335 985 1420 quem
1002 1304 1071 1422 suo
1090 1311 1300 1398 connubio
1317 1316 1410 1402 bea·
1485 1390 1515 1436 a
1535 1311 1547 1452 '⁵
1569 1430 1573 1440 „

100 1447 172 1512 tum
188 1426 348 1515 faceret.
405 1429 486 1513 Vix
503 1423 543 1511 iir
561 1425 776 1539 penetralia
785 1425 932 1508 domus
949 1427 1050 1510 cum·
1061 1427 1409 1518 tanto‘Comitatu

99 1539 289 1658 Principes
306 1541 457 1654 recepti
475 1539 573 1641 iiior,
588 1569 681 1650 cum
698 1541 885 1646 urbatum
904 1537 1411 1660 elangpr'snclytosjonap-
1431 1641 1434 1650 .
1454 1645 1455 1652 Ν

99 1685 191 1746 urat
221 1683 263 1744 et
285 1659 617 1768 H‘ar'unrcvu,
635 1654 830 1787 patpueles
847 1653 1029 1742 Sassooiae
1045 1658 1262 1774 Principes,
1276 1661 1413 1752 Misus:
1448 1663 1451 1670 ’
1473 1743 1476 1748 ,

98 1771 363 1894 Marehiones,
399 1799 440 1860 et
464 1771 919 1888 Thuringiprnastas
951 1769 1033 1884 (fic
1059 1777 1167 1860 enim
1198 1779 1443 1881 nominare

45 1963 48 1970 ,
99 1915 178 1978 eum
203 1893 397 2003 tantisper
421 1890 519 1976 mihi
541 1890 692 2002 placet,
721 1917 858 2003 ,quem
874 1888 1015 2002 vulgus
1030 1889 1325 2011 Landgrarium
1341 1897 1410 2010 ap·

98 2007 224 2118 pellat,
245 2007 397 2120 ⁴quoad
419 2005 608 2091 Latinum
637 2031 790 2090 nomen
818 2005 1110 2124 invenerimus)
1142 2007 1314 2113 nuntiat:
1358 2011 1419 2100 ad·

98 2124 262 2234 quorum
281 2114 519 2238 ingressum,
546 2145 585 2206 et
608 2120 781 2234 quiante
800 2141 1020 2218 venerant,
1044 2147 1085 2212 et
1102 2125 1172 2236 qui
1189 2124 1336 2234 urbem
1350 2129 1409 2216 in·

98 2240 248 2338 colunt,
291 2238 437 2352 partim
461 2236 530 2334 sub
553 2238 623 2324 dio
649 2237 932 2334 conueniunt,
951 2240 1095 2348 partim
1119 2241 1289 2328 editiora
1318 2243 1410 2338 loca
1469 2254 1473 2260 '

99 2353 375 2453 conscendunt,
403 2354 518 2439 multi
537 2382 558 2438 e
577 2351 751 2452 fenestris
773 2351 921 2441 herent
938 2353 1153 2452 dimidiati,
1178 2384 1325 2466 'omnes
1341 2390 1409 2447 ve·

100 2497 141 2556 to
153 2471 328 2585 satagunt
343 2493 549 2578 tantorum
570 2470 798 2582 principum
816 2470 1036 2584 equitatum
1059 2467 1239 2584 spesiare.
1298 2471 1411 2564 Tan·
1440 2547 1444 2554 .

97 2584 182 2674 dem
198 2588 378 2684 veniunt,
408 2584 537 2700 stipari
553 2586 870 2698 Hippotoxotis,
906 2585 948 2672 id
965 2585 1021 2672 est
1040 2585 1241 2702 equitibus
1257 2585 1414 2704 sagitta:

97 2703 153 2787 riis
179 2701 484 2820 sesquicentum,
518 2727 693 2816 quorum
722 2685 909 2786 tironium
942 2702 1108 2789 amissus
1140 2703 1249 2818 grisei
1277 2733 1411 2804 erantr

98 2811 193 2905 inter
217 2819 324 2930 qubs
355 2815 518 2904 fuerunt
539 2817 822 2928 Magnanimus
848 2817 1138 2918 Purtrarvs,
1172 2819 1411 2940 Brunsuigiae

98 2933 197 3032 Dux,
224 2931 498 3048 Generosque
517 2933 567 3018 de
582 2931 781 3018 Gleichen
799 2931 987 3038 Comites
1003 2936 1100 3033 duo,
1130 2937 1296 3052 Equites
1311 2970 1411 3030 veto
1430 3002 1437 3016 ,
1548 2943 1551 2956 '

98 3055 211 3137 autari
228 3081 312 3136 non
332 3053 460 3163 pauci,
477 3049 664 3134 omnium
680 3069 780 3134 uero
797 3049 850 3134 tei
869 3047 1045 3136 militaris
1061 3049 1274 3166 disciplinae
1292 3052 1413 3149 scien·

99 3163 252 3252 tiffimus
269 3155 346 3252 fuit
362 3165 719 3272 Inclitussjoannes,
737 3165 931 3250 Diomedi
947 3161 1096 3252 Th'idei
1112 3167 1209 3269 filio,
1228 3174 1295 3284 qui
1310 3201 1429 3288 qua,
1526 3208 1529 3217 -
1643 3171 1649 3200 ³

100 3277 140 3364 lis
155 3279 207 3382 stt,
235 3283 366 3378 rebus,
392 3285 436 3367 ut
451 3279 506 3365 est
522 3281 629 3396 apud
647 3280 892 3379 Homerum,
915 3309 1035 3393 quam
1052 3285 1181 3370 verbis
1200 3289 1412 3379 ostendere
1457 3313 1467 3326 ’

102 3393 239 3512 semper
262 3396 432 3494 mavult,
463 3424 535 3508 per
559 3395 696 3480 onmia
720 3393 900 3485 flamm„
922 3397 1031 3484 Nam
1058 3427 1219 3501 eorum,
1256 3429 1345 3516 quae
1360 3405 1413 3492 ad

101 3537 175 3598 rem
191 3515 399 3600 militarem
415 3509 618 3598 neccssaria
636 3507 734 3609 sunt,
765 3537 805 3598 et
822 3511 1091 3624 adoptimum
1108 3517 1413 3630 Imperatorem,

103 3647 139 3710 et
153 3625 400 3742 fortissimum
426 3628 594 3713 militem
612 3629 831 3738 pertinent,
868 3626 965 3712 nihii
983 3655 1158 3745 unquam
1176 3639 1413 3745 pretermit-

102 3741 155 3826 tit.
206 3747 396 3846 Cuicum
413 3741 697 3856 magnitudine,
727 3767 766 3828 et
784 3742 931 3829 robore
947 3749 1141 3860 corporis,
1168 3749 1282 3834 omni
1299 3751 1411 3844 deni.

104 3864 334 3978 quevirture
357 3887 427 3972 par
453 3859 507 3944 est
532 3857 838 3972 praecsarisfimus
865 3851 1303 3998 Heinricuspdtruelis,
1326 3871 1411 3985 ¹qui
1635 3892 1660 3960 ’.
1761 3946 1767 3968 ,

103 3995 291 4080 paternam
308 3978 486 4064 imitatus
502 3975 775 4088 prudentiam,
814 3973 964 4086 injuges
979 3973 1119 4084 Frisios
1137 4005 1302 4092 rmperta
1318 4011 1411 4076 atrre
1434 4081 1437 4088 .

105 4087 301 4179 nescientes
332 4091 508 4204 subjuges
534 4090 623 4178 fieri
656 4094 829 4206 coegit*
883 4091 969 4204 Qi
1000 4095 1203 4206 Principes
1232 4100 1422 4202 uniirersi,¹

148 4219 391 4300 amttam
408 4223 435 4292 t.
738 4243 745 4254 ·
804 4203 862 4294 T
1007 4233 1011 4236 ·
1257 4213 1411 4334 Apost·
1511 4321 1513 4326 ,
