3600 4692
388 197 476 350 21¹2
776 231 985 368 Rrrruurtr
1018 221 1291 332 Retuecc'rr·
1418 287 1420 294 ,

324 509 327 521 ,
540 426 626 543 Qi
639 426 794 516 tertiam
816 427 865 516 ab
884 427 946 514 his
973 423 1184 540 sequuntur
1207 425 1464 540 opinionem,
1503 459 1584 528 tam
1606 415 1686 530 Co·-
1709 425 1716 436 ’

322 534 324 547 '
393 546 579 642 Iomnium
607 553 725 655 quint
740 545 936 630 Petruma
956 541 1100 628 Welfis
1118 570 1355 654 propagant:
1386 549 1439 633 Et
1455 559 1703 664 argumentis.

161 717 164 724 -
397 683 579 753 utuntur,
607 657 718 768 quod
736 655 886 740 multos
904 655 1010 740 ltalia
1028 654 1323 744 Germanorum
1339 657 1521 774 colonias
1536 695 1688 782 accepe-
1779 707 1781 720 ¹

168 805 176 820 ·
218 767 220 772 ’
340 810 343 815 ·
396 775 464 871 rit,
501 794 541 857 et
557 769 722 856 Caesares
745 768 806 853 vel
828 767 1022 854 bellorum
1057 765 1285 864 oc'casroner
1321 771 1382 856 vel
1407 775 1690 884 gubernationis

396 884 506 974 causa
523 879 682 970 diversas
699 909 749 966 eo
775 878 937 966 familias
947 879 1199 977 traduxerint.
1255 881 1379 972 Vnde
1397 883 1481 974 buc
1495 893 1689 1004 colligunt,

132 991 141 1008 ’
248 1026 254 1054 ²
395 995 446 1088 a'b
470 997 607 1086 iisdem
629 995 853 1106 primordiis
868 993 1126 1090 Columniam
1152 997 1380 1104 ‘gentemio
1396 999 1502 1088 ltalia
1525 1005 1693 1118 coepisse

181 1110 185 1120 ⁴
268 1193 270 1200 ,
359 1139 439 1202 -et
460 1113 617 1199 Petrum
641 1104 933 1222 poiieffionibus
958 1137 980 1193 a
1006 1103 1219 1194 Caesaribus
1242 1109 1457 1214 donatum,
1502 1120 1688 1228 gentilitio

398 1219 754 1322 mumoniae,
788 1222 882 1310 inde
909 1221 1279 1308 denominationem
1306 1220 1513 1330 usurpaffe:
1557 1231 1689 1343 quibus
1781 1233 1782 1252 ¹

398 1339 466 1430 etsi
492 1336 710 1451 postmodo
732 1338 896 1436 excidit,
937 1359 977 1423 et
999 1334 1043 1422 in
1067 1335 1321 1424 Germaniam
1352 1339 1531 1454 revertit,
1568 1369 1690 1434 tamen

397 1483 491 1542 cum
508 1455 544 1538 ei
559 1453 649 1547 arci,
678 1479 796 1565 quam
813 1451 853 1536 in
869 1449 973 1537 ltalia
986 1447 1216 1561 possederat,
1231 1457 1430 1559 -ὄμώυμω,
1456 1453 1687 1546 hocestZa·

398 1567 608 1682 garonam,
623 1565 860 1655 Germanica
875 1565 1007 1676 lingua
1022 1553 1187 1650 Zollern
1204 1565 1447 1662 condidisset,
1471 1573 1690 1684 appellatio·
1750 1609 1754 1624 ·

169 1685 179 1706 '
332 1687 339 1702 ‘
397 1675 1019 1789 neminderetinuisse‚'atquead
1041 1674 1470 1792 posterospropagaffe.
1531 1717 1534 1728 ·
1782 1685 1783 1690 '

306 1807 311 1822 “
531 1793 744 1904 Repetitut
768 1815 808 1879 et
831 1793 966 1904 quarta
991 1788 1188 1900 ejusmodi
1211 1787 1371 1890 affertio.
1423 1795 1690 1908 Bettboldum,

398 1907 468 2022 qui
485 1935 580 1996 cum
594 1903 736 1996 Welfo
750 1906 796 1992 tl.
812 1929 929 1996 natus
945 1900 1010 2001 fin·
1030 1925 1140 2014 patre
1155 1901 1352 2002 Rudolfo‚
1379 1907 1582 1995 audiorem
1602 1913 1688 1998 exti-

340 2026 346 2048 ‘
397 2017 479 2108 tiffe
493 2020 717 2134 gentilitatis
728 2020 939 2106 Comitum
949 2013 1248 2114 Zoiierenfium,
1264 2015 1317 2104 fic
1337 2043 1382 2120 ut
1398 2023 1640 2124 nomenhoc
1655 2029 1689 2110 in
1783 2091 1784 2126 ,

398 2125 618 2241 Germania⁶
631 2133 817 2242 caeperin,
836 2157 919 2216 oon
936 2155 983 2214 ear
998 2127 1103 2216 ltalia
1119 2131 1325 2218 advenum
1342 2129 1397 2230 fit,
1426 2129 1689 2250 caesoqueRu·
1783 2165 1784 2168 ‘

397 2241 513 2352 dolfu
528 2245 661 2330 Suevo
671 2303 687 2348 ,
714 2243 880 2340 Henrici
896 2243 965 2334 lv.
987 2237 1147 2334 Caesaris
1165 2245 1331 2347 aemulo,
1359 2271 1438 2332 tam
1456 2251 1596 2336 iisdem
1613 2251 1689 2337 Co-

226 2368 231 2384 ’
302 2396 340 2468 3
399 2359 562 2448 mitibus
580 2353 890 2472 Zolletensrbus3
927 2383 1046 2471 quom
1063 2353 1241 2443 Ferfrido
1255 2359 1359 2444 Petri
1376 2357 1591 2456 Columnae
1604 2363 1729 2462 filio,

397 2473 608 2563 nonnullas
640 2469 723 2576 ejus
754 2465 1004 2581 poiieffiones
1037 2467 1187 2556 ceffiffe.
1253 2471 1372 2558 ‘Nam
1401 2504 1423 2578 a
1454 2471 1492 2558 su
1518 2481 1708 2566 eriotum'

263 2605 269 2612 ·
397 2612 628 2702 temporum
651 2580 972 2693 imperatoribus,
1006 2585 1206 2699 quendam
1223 2583 1458 2700 Zollerensrs
1484 2503 1691 2693 gmiliaein
1784 2609 1785 2664 a

347 2691 351 2700 ’
398 2698 503 2786 ltalia
519 2698 567 2784 ad
583 2695 829 2807 amplissimas
848 2693 1091 2808 praefeduras
1111 2697 1288 2788 eredum
1312 2697 1367 2784 ibi
1387 2697 1492 2787 sedes
1507 2705 1688 2816 rodomi·

16 2863 18 2876 ·
122 2839 126 2847 ¹
229 2859 249 2903 n
396 2811 531 2896 cilium
547 2803 765 2904 collocasse,
797 2809 846 2894 ab
861 2837 989 2920 eoque
1004 2809 1163 2893 Petrum
1181 2807 1425 2898 Columnam
1442 2813 1688 2900 descendisse:

332 3007 335 3014 ,
366 2983 367 2986 κ
398 2923 482 3033 Qi
508 2949 602 3008 cum
627 2919 867 3028 Pontificum
892 2921 1027 3030 injuria
1055 2919 1198 3008 finibus
1225 2923 1355 3031 pulsus
1379 2928 1418 3010 io
1439 2923 1689 3014 Germaniam

213 3079 217 3088 ·
308 3057 310 3060 ·
386 3027 664 3146 uomigraffet,
691 3029 836 3127 fabium
853 3034 944 3120 inde
961 3031 1088 3131 fuiiie,
1114 3056 1160 3120 ut
1177 3059 1412 3123 communes
1429 3065 1522 3124 cum
1539 3040 1689 3150 gentili·

398 3147 473 3233 bus
496 3146 650 3246 titulos,
685 3145 746 3232 seu
766 3145 940 3234 honores
959 3148 1167 3256 repetierit,
1181 3173 1320 3233 eorum
1336 3147 1454 3260 fflrpe
1478 3151 1689 3248 deficiente,

396 3257 502 3350 suant
526 3260 629 3372 quafi
653 3255 875 3372 subrogarit:
912 3263 1063 3372 quippe
1083 3259 1168 3380 quae
1197 3288 1281 3343 non
1310 3259 1434 3362 solum
1462 3263 1689 3354 conservarit

396 3373 584 3480 hadenus
610 3371 645 3460 se
668 3371 863 3470 feliciter,
881 3371 1079 3460 sedetiam
1105 3371 1248 3489 opibus
1270 3395 1310 3460 et
1335 3375 1592 3487 dignitatibus
1612 3391 1689 3490 am·

274 3548 277 3556 ·
395 3487 569 3603 plificata'
586 3487 730 3572 mirum
747 3487 786 3573 in
804 3488 973 3572 modum
990 3488 1167 3575 creverit.
1462 3517 1469 3523 ·
1599 3509 1602 3518 '

511 3597 590 3688 Etfi
604 3605 736 3688 autem
752 3595 945 3688 sententio
959 3599 1387 3686 haevconcinnaeomnes
1402 3597 1548 3696 innuet
1562 3604 1688 3710 conie-

374 3751 377 3758 ·
394 3711 697 3802 ἂυτίεηὶτιιηωτ
711 3709 1187 3827 probabilibunuteiic'ere
1201 3710 1688 3808 acdiscemereverumdif·

396 3824 499 3913 ficile
517 3815 580 3924 stt,
612 3828 825 3936 plurimum
841 3849 972 3913 tamen
998 3823 1202 3938 postremae
1217 3820 1429 3910 tribuerim.
1482 3825 1534 3913 Et
1550 3833 1689 3940 princi·

397 3943 470 4054 pio
485 3942 594 4030 credi
614 3942 697 4031 hoc
718 3941 822 4029 rede
841 3940 950 4056 poffe
964 3937 1113 4040 sentio,
1141 3933 1372 4028 Welforum
1385 3933 1563 4071 stirpem,
1571 3947 1690 4146 virrrrg³

612 4095 616 4104 ·
1457 4091 1459 4098 ·
1600 4082 1621 4141 e

960 4371 965 4384 ¹
1080 4353 1103 4400 0

1221 4407 1227 4418 Ι
