3600 4692
997 61 1006 72 “
1038 63 1063 112 Ἰ
1181 95 1193 109 t

1389 212 1398 246 s
1616 211 1621 219 .

470 339 482 460 J
527 387 535 407 ¹
582 335 642 454 ὥ
695 338 831 454 >ol
881 338 941 456 θ
1013 358 1031 460 f
1304 336 1459 470 QX!-

116 562 192 624 non
215 531 524 647 postrema'est‚.
549 537 661 650 quod
686 535 770 626 fieri
801 523 1024 649 non'poll'e
1052 537 1282 652 prevideat,
1319 529 1420 653 quin
1498 620 1502 629 ,
1576 611 1580 626 ,

117 653 272 763 publicae
294 651 487 738 doflninae
511 653 645 765 operis
668 649 802 739 cursus
829 651 1088 772 scriptionum
1119 653 1295 754 suarum,
1332 679 1420 766 que

112 769 264 876 quidem
288 777 423 854 t'otum
447 771 578 881 atque*
591 769 788 880 integrum
806 767 1014 854 hominem
1040 771 1260 884 requirant,
1291 767 1421 862 neces·

115 879 201 969 sario
216 884 524 994 interrumpatur
540 911 587 970 ac
601 883 837 994 retardetur)
867 881 1134 971 existimamus
1154 881 1419 978 obsumnr'am

113 996 220 1092 animi
240 995 358 1110 ipsrus
379 998 687 1104 contentionem
714 1000 753 1083 in
776 1025 817 1084 te
835 997 1101 1110 pulcherrima
1124 1027 1209 1086 non
1238 998 1367 1084 modo
1382 995 1420 1086 ei
1556 1077 1559 1084 .

111 1139 190 1214 *uon
204 1107 521 1210 succensendum,
546 1109 610 1199 sed
628 1114 782 1200 veniam
798 1115 917 1218 etiarn
935 1112 1232 1225 perhumaniter
1246 1113 1419 1202 tribuen-

113 1225 210 1325 dnn,
247 1253 288 1314 et
315 1223 523 1340 proaere'srn
550 1225 632 1338 ejus
662 1229 826 1340 praemio
851 1255 934 1340 quo
967 1256 1015 1334 ue
1032 1227 1351 1334 consumindarn
1380 1249 1421 1314 et

113 1339 513 1445 extimulaudanresle,
541 1369 583 1430 er
599 1340 826 1458 quicunque
841 1343 924 1443 hoc
939 1255 1118 1442 iecerint,
1151 1339 1309 1453 esseper
1326 1342 1419 1432 Rei·

111 1471 238 1544 netum
256 1460 308 1544 de
325 1454 505 1544 universo
522 1459 751 1547 mortalium
776 1485 920 1571 genere
942 1485 1063 1572 quarn
1081 1443 1313 1573 ampliffinie
1335 1484 1421 1556 ,me-

112 1572 254 1662 rituros't
311 1571 415 1684 Qrae
443 1601 536 1659 cum
570 1574 622 1660 ira
649 1573 683 1660 se
707 1570 897 1670 habeant,
941 1567 1098 1688 nosque
1120 1571 1219 1661 'curn
1241 1572 1464 1660 Reiueto.¹
1519 1665 1562 1691 f

113 1685 317 1786 Reineccio
341 1713 429 1774 turn
455 1690 584 1774 arduis
610 1712 650 1776 et
668 1685 860 1799 praeclaris
880 1686 963 1796 ejus
983 1687 1194 1776 conatibus
1217 1687 1420 1775 exanimo
1478 1713 1486 1730 “
1612 1773 1617 1796 l

112 1797 299 1899 favemus,
333 1829 374 1897 et
390 1799 603 1918 esse.lquanr
624 1802 825 1889 teflilsrme
846 1829 1104 1920 exoptemus:
1143 1799 1319 1901 euobis,
1349 1799 1422 1886 viti
1516 1837 1533 1855 ··
1729 1852 1735 1862 ·

112 1915 393 2028 prestantissimi
415 1943 455 2006 et
487 1917 775 2018 humanissimi,
812 1919 1071 2026 majoremin
1096 1919 1271 2040 modum
1301 1917 1422 2002 etiam
1479 1959 1511 1971 =·

113 2059 219 2150 atque
240 2036 379 2131 etiam,
399 2057 457 2121 ‘et
483 2062 602 2148 quarn
633 2031 838 2148 possumus
864 2029 1122 2120 amantisime
1147 2033 1351 2144 perimus,¹
1376 2051 1424 2116 ut
1516 2086 1519 2096 t

112 2147 361 2237 Reiireccium
384 2149 445 2234 vel
470 2146 602 2235 uoslta
628 2148 749 2262 gratia
776 2146 944 2260 pollhac
969 2147 1119 2254 majore
1142 2144 1423 2233 benevolentia
1454 2193 1456 2198 ·

113 2267 307 2352 etarflius
339 2264 689 2376 completlamini‚
726 2262 843 2378 eique
869 2261 1109 2374 stipendium
1151 2260 1269 2357 illud,
1307 2255 1422 2374 quod

113 2377 366 2470 Historiarum
383 2376 589 2491 professori
607 2375 890 2474 constitutum,
926 2373 1077 2490 ipsrqrie
1103 2375 1336 2461 condifium
1354 2369 1423 2472 eil,

112 2493 261 2609 seposita
277 2494 544 2607 denegatione
556 2493 727 2608 pristina,
735 2492 904 2606 benigne
921 2489 1166 2604 concedatis,
1178 2489 1294 2575 nevit
1312 2486 1419 2600 opti·

112 2637 249 2706 munet
265 2605 846 2722 optimafortunadignilsrmus
862 2608 923 2692 vel
939 2603 1052 2692 illhic
1068 2607 1281 2703 immerens
1294 2607 1421 2716 egeat.
1495 2635 1498 2642 ⁴
1606 2625 1609 2632 ’

111 2723 385 2839 consiliumque
402 2721 611 2816 scribendae
635 2719 803 2826 historie
824 2721 1003 2832 abjiciat,
1027 2721 1088 2806 vel
1104 2721 1202 2806 alios
1221 2739 1417 2832 patronos
1508 2787 1514 2796 .

138 2871 291 2938 uetere,
321 2865 362 2926 et
381 2849 501 2954 quant
518 2839 633 2927 vobis
652 2864 693 2925 et
713 2839 923 2922 academice
940 2835 997 2922 illi
1021 2835 1189 2950 gloriam
1208 2830 1421 2932 conciliare
1444 2892 1449 2904 .

111 2872 252 3072 scriptis
278 2954 353 3045 suis
409 2979 560 3054 oterat,
598 2979 684 3040 eam
713 2950 924 3062 adjungere
954 2952 1039 3047 aliis
1068 2974 1247 3063 cogatur.
1305 2943 1423 3058 Qniri
1551 2993 1555 3002 ·

113 3069 354 3188 proposrtunt
370 2982 427 3168 ii,
456 3071 543 3155 imo
559 3069 654 3184 quid
673 3067 908 3152 inmanibus
925 3067 1056 3154 velitis
1074 3063 1151 3174 jotti
1168 3057 1235 3161 lit.
1263 3060 1420 3158 videtis,

139 3191 213 3278 uod
237 3184 504 3275 ubiablatum
526 3183 642 3272 semel
658 3183 679 3272 i
696 3182 815 3268 nobis
840 3179 978 3282 fuerit,
994 3183 1246 3297 metuimus,
1271 3174 1421 3264 'nefru-

114 3218 702 3414 itaaliquandodesrdere'nros.
912 3382 915 3393 r

245 3419 311 3505 De
329 3411 637 3511 reformationis,
667 3440 710 3503 ut
728 3435 887 3505 vocant,
916 3406 1103 3508 formula,
1131 3401 1293 3520 nequid
1309 3399 1418 3488 vide·
1531 3469 1533 3478 ,

117 3529 197 3620 lieet
217 3533 258 3620 in
281 3529 403 3629 hanc,
440 3530 627 3644 exemplo
656 3557 740 3614 uno
765 3522 950 3622 admisso,
975 3523 1257 3638 delinquatur,
1286 3518 1421 3647 minue

116 3643 256 3736 sortasse
277 3645 443 3762 periculi
472 3641 653 3752 fututum
676 3643 749 3741 cll,
784 3641 948 3758 quando
978 3640 1093 3750 quod
1126 3637 1195 3723 uni
1224 3656 1341 3762 certis
1364 3629 1417 3714 de
1461 3739 1467 3754 4

116 3761 241 3863 musis.
270 3761 425 3848 erboni
446 3759 600 3871 publici
624 3761 765 3873 gratia,
793 3749 1292 3883 concellum‘suerit‚·etus
1312 3739 1418 3832 usur·
1459 3751 1463 3762 '
1510 3819 1514 3832 .

88 3881 307 3990 ”parionem
330 3875 520 3962 omnibus
541 3871 668 3959 statim
694 3870 766 3959 else
784 3893 1072 3972 communem,
1101 3867 1266 3954 minrnre
1282 3854 1416 3947 conse·

114 3997 242 4106 quitur.
302 3991 404 4102 Qo
420 3991 546 4103 tnagis
568 3986 785 4102 speramus,
811 4013 886 4070 vos
901 3985 940 4068 in
957 3979 1231 4068 conservando
1248 3976 1416 4107 Reinec·

115 4110 185 4212 cio,
210 4133 250 4202 et
265 4099 451 4196 fovendis
466 4105 631 4224 oprimis
641 4102 727 4216 ejus
745 4099 891 4201 studiis,
917 4125 1001 4186 non
1017 4091 1297 4222 minuerellrae
1313 4083 1416 4288 rpsp·

121 4278 125 4288 .
207 4281 211 4288 .
546 4253 548 4258 ·
611 4285 614 4288 .
1312 4229 1357 4290 ru
1402 4257 1418 4301 ,
1479 4250 1483 4260 ·
