3566 4682
389 250 459 341 298
765 227 830 318 10.
859 227 969 318 Par·
1003 211 1328 317 nuLvoswtu
1421 197 1428 208 ἱ
1497 277 1503 284 -

387 419 489 515 neum
522 432 771 549 prioratus,
799 423 957 546 sequior
984 453 1125 521 autem
1155 427 1388 514 marchionem
1405 428 1521 533 dixit}
1551 425 1680 638 ‘urges

1631 582 1681 641 er·-
1764 605 1765 610 κ

489 753 543 810 tas
565 733 716 810 clusuras
741 729 927 806 montium
949 727 1064 818 dixit,
1092 727 1265 807 adeuntur
1283 726 1523 830 sumpturam
1548 731 1684 821 donarit,
1765 760 1766 789 i

487 835 706 912 beneficium
722 835 854 908 iterum
873 831 1005 906 babes!
1037 830 1197 919 addens„
1210 853 1306 904 nunc
1327 831 1469 905 seruitia
1488 834 1682 911 describuu·
1764 897 1765 910 i

416 1011 421 1022 ,
489 955 558 1022 tur,
586 929 987 1033 uteorumfisiiubouuo
1000 933 1255 1016 emundemur,
1273 933 1448 1028 congruit
1462 933 1537 1008 boc
1551 955 1684 1034 tempus

490 1061 572 1110 cum
593 1033 876 1134 majorennitate
899 1031 1103 1114 elesiorum
1125 1057 1166 1109 ac
1187 1032 1397 1129 principum
1429 1038 1684 1132 plerorumque

442 1133 445 1142 ’
489 1139 527 1210 in
543 1133 760 1214 Germania,
784 1129 1092 1232 marcescisr'cetms
1101 1134 1263 1208 militium
1276 1137 1514 1221 mitteremur,
1539 1136 1685 1210 nesurru·

487 1240 603 1309 cinari
623 1229 901 1331 ansellisartum
932 1255 1035 1334 quum
1050 1237 1212 1309 militare.
1259 1233 1317 1310 lta
1331 1233 1533 1332 Augustum
1543 1253 1597 1313 ‘ex
1610 1241 1685 1312 alit·

487 1339 545 1412 nis
563 1335 759 1412 territoriis
774 1357 882 1432 agros
898 1333 1074 1434 sumpsisse
1096 1331 1326 1436 etassrgbasse
1348 1335 1554 1436 veteranis,
1582 1338 1687 1414 scribit

491 1435 726 1513 Huoruvs
746 1431 1043 1534 delimiribmorfi.
1060 1457 1100 1534 p.
1119 1448 1202 1517 288.
1253 1433 1385 1528 Quid?
1408 1440 1518 1532 quod
1533 1455 1686 1514 tentare·

488 1539 631 1642 ligioue
648 1535 749 1612 sundi
767 1535 987 1637 stipendiarii
1003 1531 1181 1612 militibus
1204 1535 1332 1610 servati
1355 1534 1492 1618 suerint
1507 1563 1526 1610 a
1541 1537 1686 1614 Caesari·

487 1638 573 1723 bus,
604 1658 644 1711 ut
667 1637 799 1732 borum
822 1633 1162 1720 mendatiorum,
1188 1637 1235 1709 de
1258 1635 1352 1733 agris
1374 1637 1573 1713 limitaneis
1593 1641 1684 1714 nullo

486 1757 662 1837 tempore
684 1737 729 1810 ab
747 1736 899 1811 bomine
952 1731 1130 1812 rivato'a'd
1151 1737 1395 1831 militiamque
1419 1737 1566 1813 inhabili
1596 1761 1684 1838 prac-

488 1840 687 1915 scribendis
700 1835 724 1910 l.
743 1853 776 1922 3.
801 1833 841 1912 C.
857 1757 1030 1934 dessurdir
1043 1832 1253 1936 limitropbis
1275 1851 1307 1908 et
1322 1835 1504 1912 limitaneis
1518 1837 1584 1915 erl.
1600 1855 1632 1929 8.
1652 1835 1683 1914 C.

486 1941 528 2013 ase
541 1937 668 2038 fundis
682 1933 997 2038 patrimonialibus.
1053 1935 1286 2013 Constantini
1309 1958 1463 2035 quoque
1483 1939 1684 2015 Pouruu·

494 2057 836 2118 uoosuuerus
856 2035 999 2112 Nouello
1024 2035 1555 2114 ext'atdeMrur'rauruus
1580 2039 1685 2116 Fvu·

490 2163 519 2216 n
531 2165 541 2215 ι
553 2151 585 2226 s,
602 2154 710 2236 quarn
729 2135 832 2239 Joou.
844 2135 1021 2238 Meurstus
1036 2139 1133 2215 inter
1144 2138 1214 2211 alia
1230 2136 1341 2314 bullus
1356 2141 1591 2237 imperatoris
1605 2162 1687 2236 ope

399 2265 404 2279 ¹
492 2265 529 2318 ra
546 2264 581 2341 p.
603 2262 692 2333 153:
704 2239 841 2323 edidit,
873 2257 915 2313 et
930 2237 1098 2336 pluribus
1111 2235 1255 2315 mendis
1294 2237 1466 2315 rbetatam
1483 2244 1585 2316 notis
1599 2261 1685 2316 cum·

404 2357 409 2373 ‘
490 2343 792 2438 mentarioloque
816 2337 1015 2420 illustravit.
1065 2335 1294 2414 Habetur‘in'
1311 2359 1372 2415 ea:
1398 2337 1561 2439 ‘nefitudi
1576 2339 1687 2422 militr-

282 2439 294 2518 ζ
419 2455 421 2460 ’
489 2443 771 2527 r·esolirumtur,·
803 2456 834 2512 er
844 2437 875 2538 fi
889 2437 1098 2526 alienemur,
1131 2442 1167 2510 iu
1191 2443 1412 2538 quemcunque
1430 2459 1541 2516 tomen
1558 2435 1688 2544 pffffil·

491 2567 563 2618 rem
577 2567 650 2616 urm
662 2565 762 2616 ruere
775 2537 1088 2640 militarirseruitr'i
1103 2537 1305 2638 transeunt:
1330 2561 1370 2615 et
1385 2563 1479 2637 quae
1496 2541 1577 2618 suut
1587 2561 1686 2638 gent·

489 2649 539 2720 ris
580 2645 752 2742 ejusdem
786 2663 948 2739 congrua
983 2643 1114 2714 iterum
1144 2641 1546 2727 naturae'seurlorum„
1579 2641 1686 2718 Habet

448 2765 454 2774 ’
490 2767 642 2841 quoque
657 2743 800 2816 Tuto
813 2763 1072 2816 uostuuvs
1093 2741 1216 2817 codex
1233 2739 1309 2815 Lib.
1319 2737 1416 2820 VII.
1435 2740 1486 2816 lit.
1505 2761 1561 2825 15.
1583 2741 1685 2816 derer-

490 2851 543 2918 rir
565 2846 768 2928 limitaneis,
803 2843 975 2938 quorsum
1002 2843 1106 2938 plura
1128 2835 1599 2940 congcffitGotbosredus,
1625 2843 1683 2914 buc

491 2947 648 3018 omnino
690 2943 867 3030 sacientia.
945 2941 1119 3017 Ceterum
1134 2941 1148 3026 ,'
1185 2943 1272 3016 dum
1311 2941 1401 3017 haec
1441 2944 1578 3030 scrib03
1620 2961 1684 3018 uon

492 3043 634 3142 possum
652 3045 739 3142 quin
759 3045 922 3126 doleam,
948 3043 1124 3132 doslores
1143 3043 1239 3118 adeo
1252 3064 1399 3139 ,pronus
1414 3045 1485 3119 esse
1502 3047 1585 3144 lege
1599 3062 1686 3140 prae·

317 3194 321 3202 =
419 3235 433 3243 ἡ
487 3143 696 3238 scriptionis
713 3141 962 3218 Romanorum
990 3145 1027 3216 in
1047 3139 1211 3244 publico*
1222 3144 1369 3241 imperii
1385 3142 1489 3244 jore:
1517 3161 1687 3222 ettamen»

489 3245 570 3343 ipso
587 3243 835 3319 Romanorum
853 3241 1007 3342 judici-o,
1034 3243 1071 3316 in
1091 3242 1214 3318 iuudis
1234 3244 1474 3340 limitrophis,
1499 3245 1613 3321 multo
1627 3263 1688 3316 ma·

486 3351 542 3446 gis
563 3349 598 3420 in
617 3345 821 3442 prouinciis
842 3343 997 3441 integris
1016 3341 1340 3442 praescriptionum
1364 3347 1497 3444 titulos
1516 3341 1666 3422 exulasse.

437 3448 500 3544 (h)
528 3445 620 3522 lude
643 3469 770 3544 magna
795 3445 892 3520 inter
919 3445 1145 3618 legionarios
1169 3463 1210 3518 et
1232 3445 1390 3540 riparios
1412 3447 1473 3520 seu
1497 3447 1688 3522 limitaneos

206 3511 349 3580 ‘mmm
483 3551 621 3624 milites
643 3547 850 3630 diversus,
879 3567 949 3618 cun
988 3547 1016 3618 is
1044 3545 1300 3640 antiquitatum
1325 3544 1561 3645 scriptoribus
1586 3541 1688 3617 obser·

230 3597 380 3664 limitanei
487 3669 583 3725 vata.
631 3645 810 3724 Meminit
834 3647 1106 3722 limitaneorum
1132 3643 1367 3722 memorabili
1393 3649 1505 3721 etiam
1533 3642 1685 3722 locoLr·

368 3791 371 3796 ·
486 3772 588 3825 auu
600 3771 612 3824 1
624 3769 678 3823 vs
700 3752 737 3821 iu
752 3745 897 3847 uasttm
911 3769 948 3844 p.
962 3767 1018 3839 54.
1036 3743 1400 3822 edit.·Morellianae.
1454 3747 1611 3822 Pertinet
1627 3743 1687 3814 buc

456 3933 462 3944 ,
483 3852 666 3946 imprimis
691 3847 934 3924 Noveccs
959 3845 1132 3946 Tbeodrfii
1145 3849 1200 3918 tir.
1215 3863 1276 3939 29.
1302 3845 1686 3941 dissidiorumque

488 3953 563 4052 agit
577 3951 624 4027 de
640 3950 776 4026 ambitu
794 3970 832 4028 et
852 3949 947 4026 locis
962 3945 1163 4024 limitaneis
1180 3946 1271 4023 inibi
1290 3947 1538 4028 redhibendia.
