3600 4692
192 336 199 356 ,
282 221 286 226 .
384 278 481 384 204
554 306 557 328 ι
645 285 648 293 ⁴
755 234 1357 336 uamenrtamaccn·

394 425 697 548 milliesiniami
734 439 854 528 furcae
882 439 1076 554 supplicio
1108 429 1454 534 animaduerterat,
1492 435 1620 527 sorios
1640 437 1702 528 libi

395 563 596 672 Principes
612 583 652 644 et
666 559 852 646 Comites
875 549 1238 660 mnlrosadjungit,
1277 578 1317 638 et
1332 581 1467 638 arcem
1485 554 1674 642 aliam‘ins
1689 605 1702 621 ·

395 675 451 761 sla
469 673 672 760 obsidione
697 670 853 778 premit.
896 667 1012 752 Hac
1035 693 1130 750 cum
1155 661 1320 750 successu
1339 690 1510 764 careret,
1543 671 1704 781 denique

396 789 447 874 ab
473 789 644 871 irruente
666 782 887 874 Ftiderico,
924 779 1104 882 Conradi
1122 771 1324 861 Oaelfino‘
1350 779 1465 887 plane
1491 782 1703 889 depellitur,

397 928 515 1011 atque
534 899 573 981 in
594 895 726 1006 fugam
744 892 971 995 coniicitur:
1011 887 1089 990 litli
1116 890 1154 972 in
1179 888 1288 996 hune
1313 915 1505 1002 pugnaret
1529 891 1701 996 animose,

265 1093 268 1102 Δ
398 1013 560 1122 solaque
578 1007 829 1108 multitudine
845 1003 1078 1088 vinceretur.
1135 998 1494 1088 Vicisciturautem
1520 1005 1703 1090 hanccla·

322 1121 325 1128 ’
399 1127 493 1212 dem
519 1127 571 1206 ita
597 1119 646 1204 ad
664 1145 809 1202 anuum
827 1114 1072 1230 sequentem,
1105 1139 1149 1198 ut
1174 1112 1296 1199 hostis
1315 1143 1422 1200 arces
1438 1115 1534 1212 duas
1553 1115 1705 1203 firmilia-

319 1321 321 1326 ,
399 1263 484 1320 mas
506 1258 639 1344 captas
664 1229 823 1315 vastarit.
879 1231 959 1314 Pax
983 1227 1142 1313 tandem
1173 1227 1275 1311 inter
1292 1228 1514 1340 Hugonem
1534 1255 1574 1314 et
1590 1227 1703 1339 ipsum

399 1348 461 1432 his
476 1343 777 1430 conditionibus
793 1371 812 1426 a
828 1341 1089 1428 CoNnAoo
1106 1336 1266 1424 Celare
1291 1339 1489 1436 firmaturr
1524 1332 1572 1426 irt
1586 1341 1702 1453 Hugo

288 1450 292 1459 “
397 1455 543 1546 Welfo
566 1454 600 1541 se
616 1455 682 1542 sub
706 1454 786 1539 fide
811 1453 991 1549 dederet,
1027 1455 1067 1537 et
1093 1455 1246 1543 veniam
1273 1477 1433 1564 peteret.
1492 1455 1623 1565 Qod
1643 1453 1701 1538 ubi

310 1595 318 1602 ·
399 1573 529 1682 Hugo
547 1593 673 1656 tatum
694 1563 858 1660 fecisset,
888 1564 1041 1675 eoiplo
1059 1565 1122 1648 dic
1139 1565 1266 1650 ambo
1281 1566 1600 1668 reconciliantur,
1629 1589 1700 1678 quo

400 1682 620 1768 Fridericus
644 1677 771 1763 Caesar
798 1679 871 1762 iter
899 1678 939 1762 in
959 1678 1104 1788 ltaliam
1138 1675 1323 1786 ingressus
1339 1677 1414 1762 cll.
1472 1671 1593 1766 'Huic
1619 1705 1701 1762 cum

266 1893 274 1907 .
400 1792 561 1882 Wellirs
580 1789 705 1877 inscio
732 1817 841 1902 patre
862 1793 1052 1876 comitem
1083 1788 1118 1873 se
1137 1780 1384 1895 adiunxisset,
1413 1801 1513 1874 'cum
1536 1792 1700 1900 plurimis

397 1908 485 1992 aliis
510 1903 680 1990 fortibus
712 1906 802 1987 viris
830 1900 936 2011 peste
959 1902 998 1987 in
1014 1901 1201 1989 Hetruria
1225 1903 1480 2014 extinguitur.
1536 1904 1702 1990 Cadaver

400 2019 670 2128 Steingadum·
686 2015 892 2100 redudum
919 2015 958 2100 in
972 2013 1129 2100 tumulo
1146 2011 1169 2097 ὲ
1183 2022 1294 2128 patre
1308 2014 1510 2102 'exstrus'to
1526 2017 1701 2102 conditur

284 2183 289 2192 ·
348 2243 350 2250 Α
400 2133 526 2220 Anno
542 2128 599 2218 M.
616 2126 854 2264 onxvrn

491 2375 493 2380 ’
544 2352 760 2455 Heoricus,
789 2341 955 2464 Stiperbi
972 2347 1699 2440 silius'inslatvehementerFmorm·

401 2495 463 2556 eo
490 2461 722 2553 Barbarolsae
746 2463 883 2548 Caesari
913 2465 965 2546 de
998 2475 1201 2548 conventu
1232 2465 1390 2574 imperii
1415 2464 1639 2551 Ratisbonae
1657 2461 1699 2548 ad

402 2605 550 2664 annom
566 2579 623 2662 M.
639 2579 687 2662 C.
704 2577 809 2660 LVl.
831 2575 1063 2681 indicendo,
1088 2603 1194 2659 *cum
1221 2605 1264 2676 ea
1286 2575 1699 2670 occafioneDucatum

377 2775 383 2790 ,
402 2689 568 2774 Bavariae
585 2714 812 2796 recuperare
828 2687 862 2770 se
879 2685 984 2796 posse
1007 2685 1220 2797 persuasum
1240 2683 1428 2773 haberer:
1468 2687 1697 2800 Transtgitur

402 2817 535 2884 autem
568 2825 629 2882 res
661 2798 744 2894 hac
772 2801 843 2894 ita,
879 2824 923 2883 ut
951 2797 1106 2882 Bauaria
1133 2801 1294 2912 quidem
1324 2801 1373 2885 ad
1403 2801 1514 2886 illum
1546 2799 1696 2890 redierit.

402 2908 604 2996 Henricus
626 2937 721 2992 vero
740 2909 922 2996 Marchio
939 2909 1136 2996 Austriam
1159 2915 1199 2996 ct
1217 2911 1371 2998 Sciriam
1396 2915 1609 2999 retinuerit.
1636 2909 1694 3018 ()

1656 2998 1672 3020 ν

404 3019 568 3110 Obsello
594 3017 780 3106 aCtesare
796 3021 1049 3118 Mediolano,
1082 3023 1333 3108 Henricosei
1354 3023 1501 3108 bellum
1527 3021 1637 3120 facit,
1662 3041 1695 3102 et

261 3180 265 3186 ι
404 3161 512 3218 arces
537 3133 678 3218 multas
705 3131 843 3219 vallat.¹
889 3133 972 3219 Vbi
996 3134 1121 3219 Cesar
1137 3135 1371 3220 Mediolano
1394 3127 1515 3246 capto
1540 3139 1694 3222 domum

237 3319 242 3326 .
404 3245 540 3352 rediit,
570 3245 790 3329 Henricum
817 3246 1100 3353 perduellionis
1117 3248 1347 3332 damnatum
1363 3247 1521 3334 Ba'varia
1538 3245 1693 3337 mulsiat,

267 3405 277 3421 -
403 3355 753 3470 eamqueOthooi
776 3357 1085 3444 Wittelsbachio
1104 3357 1271 3454 confert,
1300 3358 1411 3464 cuius
1440 3359 1582 3471 posteri
1601 3359 1689 3442 liuc-

403 3496 529 3582 usque
551 3469 658 3553 illam
690 3469 893 3555 retinuere.
959 3471 1117 3555 Deinde
1144 3469 1362 3564 Hemicusl
1380 3472 1421 3556 in
1444 3472 1626 3584 Angliam
1650 3459 1692 3550 ad

402 3580 582 3672 socerum
607 3576 643 3666 se
664 3581 868 3688 deportat,
905 3609 998 3666 cum
1029 3580 1343 3668 filiismaoetent
1368 3581 1593 3696 Brunsuiga,
1627 3581 1692 3666 Lu·

302 3714 310 3722 ·
402 3695 586 3808 naeburga
608 3692 818 3808 etreliqua
841 3694 1023 3782 Saronia.
1086 3693 1247 3792 Habuit'
1263 3720 1396 3782 aurem
1418 3693 1518 3784 filias
1540 3698 1691 3782 Orno·

846 3833 848 3840 ’
1130 3836 1135 3844 ’
1589 3829 1691 3898 Nan.

452 4021 513 4124 (g)
537 3999 967 4104 arternum-euve
987 4025 1340 4129 etsupplementum
1359 4027 1608 4106 Anuoenn·
